,Fiscal Quarter,Q3 2024,Q2 2024,Q1 2024,Q4 2023,Q3 2023,Q2 2023,Q1 2023,Q4 2022,Q3 2022,Q2 2022,Q1 2022,Q4 2021,Q3 2021,Q2 2021,Q1 2021,Q4 2020,Q3 2020,Q2 2020,Q1 2020,Q4 2019,+19 Quarters
,Period Ending,"Sep '24 Sep 30, 2024","Jun '24 Jun 30, 2024","Mar '24 Mar 31, 2024","Dec '23 Dec 31, 2023","Sep '23 Sep 30, 2023","Jun '23 Jun 30, 2023","Mar '23 Mar 31, 2023","Dec '22 Dec 31, 2022","Sep '22 Sep 30, 2022","Jun '22 Jun 30, 2022","Mar '22 Mar 31, 2022","Dec '21 Dec 31, 2021","Sep '21 Sep 30, 2021","Jun '21 Jun 30, 2021","Mar '21 Mar 31, 2021","Dec '20 Dec 31, 2020","Sep '20 Sep 30, 2020","Jun '20 Jun 30, 2020","Mar '20 Mar 31, 2020","Dec '19 Dec 31, 2019",+19 Quarters
0,Revenue,379582,380238,368729,365584,394600,365263,330204,297747,291141,237575,168700,112678,53535,145764,176342,157548,123933,114144,335201,440039,Upgrade
1,Revenue Growth (YoY),-3.81%,4.10%,11.67%,22.78%,35.54%,53.75%,95.73%,164.25%,443.84%,62.99%,-4.33%,-28.48%,-56.80%,27.70%,-47.39%,-64.20%,-68.34%,-70.59%,-8.32%,34.32%,Upgrade
2,Cost of Revenue,259931,255265,243757,251341,274883,249577,224513,225502,227888,153803,117105,92014,63361,106675,119434,131779,106070,100031,225095,260609,Upgrade
3,Gross Profit,119652,124973,124972,114243,119717,115686,105691,72245,63253,83772,51595,20664,-9826,39089,56908,25769,17864,14113,110106,179430,Upgrade
4,"Selling, General & Admin",27945,35656,67193,-3436,33688,41702,39454,17855,28510,28930,18440,2337,6863,16102,18989,8246,14069,13967,22802,13266,Upgrade
5,Operating Expenses,25938,50607,54249,61353,39677,37728,37439,21865,29244,28196,18440,7938,7642,15323,18989,11654,14069,13967,22802,15068,Upgrade
6,Operating Income,93714,74365,70723,52890,80040,77958,68252,50380,34009,55576,33156,12725,-17468,23766,37919,14115,3794,146.67,87304,164362,Upgrade
7,Interest Expense,-,-2577,-3383,-5769,-,-,-16558,-5288,-,-,-,-,-,-,-,-,-,-1257,-,-,Upgrade
8,Interest & Investment Income,5959,-,-,-,9227,7331,-,1.32,4312,7598,2644,1385,2442,2311,2340,1461,3144,5756,4677,2297,Upgrade
9,Currency Exchange Gain (Loss),-8650,17661,-9011,9490,6225,-4622,-1603,5965,1711,-2360,649.39,184.08,-16.97,52.93,-35.97,831.39,54.06,-2159,2105,1331,Upgrade
10,Other Non Operating Income (Expenses),356.5,-2990,26209,-24074,148.63,15067,21075,-14184,-1545,-270.53,7.63,-6593,0,-389.21,-90.65,-10737,-39.27,1008,-887.07,-21861,Upgrade
11,EBT Excluding Unusual Items,91379,86459,84538,32538,95641,95734,71165,36874,38487,60543,36456,7701,-15043,25741,40132,5670,6953,3495,93199,146129,Upgrade
12,Pretax Income,91379,86459,84538,32538,95641,95734,71165,36874,38487,60543,36456,7701,-15043,25741,40132,5670,6953,3495,93199,146129,Upgrade
13,Income Tax Expense,18390,17388,16943,5844,16806,17539,13751,8633,7847,11967,8048,1831,-626.2,6250,8844,724.89,2983,867.82,18632,29483,Upgrade
14,Earnings From Continuing Operations,72990,69071,67595,26694,78835,78195,57415,28241,30640,48575,28409,5870,-14416,19491,31288,4945,3970,2627,74567,116646,Upgrade
15,Minority Interest in Earnings,-4620,-5885,-5720,-2222,-6529,-3358,-1537,887.16,-542.38,6.91,1786,3460,3555,1849,2507,1840,1196,2993,-4004,-8016,Upgrade
16,Net Income,68370,63185,61875,24472,72306,74836,55878,29128,30098,48582,30195,9330,-10862,21340,33795,6785,5167,5620,70563,108630,Upgrade
17,Preferred Dividends & Other Adjustments,-,4488,-4488,13650,-,-,-,8280,-,-,-,4750,-,-,-,20601,-,5453,-5453,19163,Upgrade
18,Net Income to Common,68370,58697,66363,10822,72306,74836,55878,20848,30098,48582,30195,4580,-10862,21340,33795,-13817,5167,166.81,76015,89467,Upgrade
19,Net Income Growth,-5.44%,-15.57%,10.73%,-15.99%,140.24%,54.04%,85.06%,212.20%,-,127.66%,-10.65%,37.52%,-,279.75%,-52.11%,-93.75%,-93.73%,-92.68%,-9.87%,102.61%,Upgrade
20,Shares Outstanding (Basic),34,33,38,34,34,33,38,34,34,38,34,34,34,34,34,34,34,34,34,34,Upgrade
21,Shares Outstanding (Diluted),34,33,38,34,34,33,38,34,34,38,34,34,34,34,34,34,34,34,34,34,Upgrade
22,Shares Change (YoY),-,-0.03%,1.49%,-,-,-12.89%,12.77%,-,-,13.95%,-0.02%,-,-,0.04%,0.04%,-0.04%,-0.02%,-2.20%,-2.78%,-0.02%,Upgrade
23,EPS (Basic),2038.86,1763.26,1729.15,322.73,2156.23,2247.39,1477.59,621.71,897.55,1270.86,900.44,136.58,-323.91,636.13,1007.58,-412.03,154.07,4.97,2267.21,2667.01,Upgrade
24,EPS (Diluted),2038.86,1763.13,1729.15,322.73,2156.00,2247.39,1477.31,621.71,897.55,1270.84,900.00,136.58,-324.00,635.84,1007.58,-412.03,154.00,4.97,2267.18,2666.80,Upgrade
25,EPS Growth,-5.43%,-21.55%,17.05%,-48.09%,140.21%,76.84%,64.15%,355.19%,-,99.87%,-10.68%,-,-,12682.50%,-55.56%,-,-93.59%,-99.78%,-2.76%,119.61%,Upgrade
26,Free Cash Flow,105099,114235,13956,90864,92897,24839,71599,69723,40096,71387,-3627,160771,-10308,22093,15196,87103,-17877,-74922,-29632,-18474,Upgrade
27,Free Cash Flow Per Share,3134.15,3431.60,363.63,2709.63,2770.26,745.94,1893.30,2079.18,1195.69,1867.41,-108.15,4794.32,-307.40,658.58,453.05,2597.47,-533.11,-2234.19,-883.80,-550.70,Upgrade
28,Dividend Per Share,-,-,-,2500.000,-,-,-,2500.000,-,-,-,2500.000,-,-,-,1000.000,1500.000,-,-,4000.000,Upgrade
29,Dividend Growth,-,-,-,0%,-,-,-,0%,-,-,-,150.00%,-,-,-,-75.00%,-,-,-,86.67%,Upgrade
30,Gross Margin,31.52%,32.87%,33.89%,31.25%,30.34%,31.67%,32.01%,24.26%,21.73%,35.26%,30.58%,18.34%,-18.35%,26.82%,32.27%,16.36%,14.41%,12.36%,32.85%,40.78%,Upgrade
31,Operating Margin,24.69%,19.56%,19.18%,14.47%,20.28%,21.34%,20.67%,16.92%,11.68%,23.39%,19.65%,11.29%,-32.63%,16.30%,21.50%,8.96%,3.06%,0.13%,26.05%,37.35%,Upgrade
32,Profit Margin,18.01%,15.44%,18.00%,2.96%,18.32%,20.49%,16.92%,7.00%,10.34%,20.45%,17.90%,4.06%,-20.29%,14.64%,19.16%,-8.77%,4.17%,0.15%,22.68%,20.33%,Upgrade
33,Free Cash Flow Margin,27.69%,30.04%,3.78%,24.85%,23.54%,6.80%,21.68%,23.42%,13.77%,30.05%,-2.15%,142.68%,-19.26%,15.16%,8.62%,55.29%,-14.42%,-65.64%,-8.84%,-4.20%,Upgrade
34,EBITDA,115622,95565,91530,73940,101044,100243,91482,76092,61041,82935,61214,42951,13336,54331,68229,45885,35873,31811,116276,189652,Upgrade
35,EBITDA Margin,30.46%,25.13%,24.82%,20.23%,25.61%,27.44%,27.70%,25.56%,20.97%,34.91%,36.29%,38.12%,24.91%,37.27%,38.69%,29.12%,28.95%,27.87%,34.69%,43.10%,Upgrade
36,D&A For EBITDA,21908,21200,20807,21050,21004,22285,23230,25712,27032,27359,28058,30225,30804,30565,30310,31771,32078,31664,28972,25290,Upgrade
37,EBIT,93714,74365,70723,52890,80040,77958,68252,50380,34009,55576,33156,12725,-17468,23766,37919,14115,3794,146.67,87304,164362,Upgrade
38,EBIT Margin,24.69%,19.56%,19.18%,14.47%,20.28%,21.34%,20.67%,16.92%,11.68%,23.39%,19.65%,11.29%,-32.63%,16.30%,21.50%,8.96%,3.06%,0.13%,26.05%,37.35%,Upgrade
39,Effective Tax Rate,20.12%,20.11%,20.04%,17.96%,17.57%,18.32%,19.32%,23.41%,20.39%,19.77%,22.07%,23.78%,-,24.28%,22.04%,12.79%,42.90%,24.83%,19.99%,20.18%,Upgrade
40,Revenue as Reported,379582,380238,368729,365584,394600,365263,330204,297747,291141,237575,168700,-,53535,145764,176342,-,123933,114144,335201,-,Upgrade
