,Fiscal Quarter,Q2 2024,Q1 2024,Q4 2023,Q3 2023,Q2 2023,Q1 2023,Q4 2022,Q3 2022,Q2 2022,Q1 2022,Q4 2021,Q3 2021,Q2 2021,Q1 2021,Q4 2020,Q3 2020,Q2 2020,Q1 2020,Q4 2019,Q3 2019,+18 Quarters
,Period Ending,"Jun '24 Jun 30, 2024","Mar '24 Mar 31, 2024","Dec '23 Dec 31, 2023","Sep '23 Sep 30, 2023","Jun '23 Jun 30, 2023","Mar '23 Mar 31, 2023","Dec '22 Dec 31, 2022","Sep '22 Sep 30, 2022","Jun '22 Jun 30, 2022","Mar '22 Mar 31, 2022","Dec '21 Dec 31, 2021","Sep '21 Sep 30, 2021","Jun '21 Jun 30, 2021","Mar '21 Mar 31, 2021","Dec '20 Dec 31, 2020","Sep '20 Sep 30, 2020","Jun '20 Jun 30, 2020","Mar '20 Mar 31, 2020","Dec '19 Dec 31, 2019","Sep '19 Sep 30, 2019",+18 Quarters
0,Revenue,8.04,8.04,11.29,10.64,11.49,14.12,22.68,16.26,10.25,13.09,23.55,20.26,21.2,13.62,28.67,31.93,23.98,13.03,24.84,17.15,Upgrade
1,Revenue Growth (YoY),-30.06%,-43.08%,-50.21%,-34.59%,12.15%,7.84%,-3.69%,-19.70%,-51.66%,-3.88%,-17.86%,-36.56%,-11.60%,4.54%,15.42%,86.19%,8.65%,-19.62%,4.53%,-6.42%,Upgrade
2,Cost of Revenue,6.8,6.8,8.95,8.69,9.32,11.08,17.45,11.59,7.86,9.77,17.02,14.33,15.79,10.47,20.11,21.31,15.59,8.11,15.08,10.83,Upgrade
3,Gross Profit,1.24,1.24,2.34,1.95,2.17,3.04,5.24,4.68,2.38,3.33,6.54,5.93,5.4,3.16,8.56,10.62,8.39,4.92,9.76,6.32,Upgrade
4,"Selling, General & Admin",2.14,2.14,3.91,2.55,2.32,3.2,2.7,3.79,3.18,3.29,6.76,5.76,3.36,3.32,6.14,4.97,4.47,4.42,8.02,4.04,Upgrade
5,Other Operating Expenses,-0,-0,-0.08,-,-,-0.01,-0.9,-0.48,-0.51,-0.48,-0.1,-0.12,-0.07,-,-0.01,-,-0.01,-0.23,-0.14,-,Upgrade
6,Operating Expenses,2.14,2.14,11.92,2.55,2.32,3.19,7.07,3.31,2.67,2.81,6.93,5.64,3.29,3.32,7.56,4.97,4.47,4.19,8.93,4.04,Upgrade
7,Operating Income,-0.89,-0.89,-9.58,-0.59,-0.15,-0.15,-1.83,1.37,-0.28,0.52,-0.4,0.29,2.11,-0.17,1.01,5.65,3.92,0.73,0.82,2.28,Upgrade
8,Interest Expense,-0.05,-0.05,-0.09,-0.06,-0.07,-0.08,-0.01,-0.04,-0,-0.01,-0.12,-0.04,-0.06,-0.06,-0.14,-0.05,-0.06,-0.06,-,-0.2,Upgrade
9,Interest & Investment Income,0.03,0.03,0.03,0.04,0.03,0.01,0.05,0,0,0,0,0,0.01,0,0.01,0,0.01,0.01,0.02,0.01,Upgrade
10,Currency Exchange Gain (Loss),0.03,0.03,-0.16,0.15,0.28,0.02,0.23,0.24,0.34,-0.11,-0.16,0.18,-0.19,-0.15,-0.95,-0.64,0.33,0.08,-0.29,0.46,Upgrade
11,Other Non Operating Income (Expenses),-0,-0,-,-,-,-,-,-,-,-,-0.39,-,-,-,-0.09,-,-,-,-,-,Upgrade
12,EBT Excluding Unusual Items,-0.88,-0.88,-9.8,-0.47,0.09,-0.21,-1.57,1.58,0.06,0.41,-1.06,0.42,1.87,-0.38,-0.16,4.97,4.19,0.75,0.55,2.53,Upgrade
13,Gain (Loss) on Sale of Assets,0.02,0.02,-,-,-,-,3.54,0.27,-,-,-,-,-,-,-,-,-,-,-,-,Upgrade
14,Asset Writedown,-,-,-,-,-,-,-,-,-,-,0.1,-,-,-,-,-,-,-,-,-,Upgrade
15,Pretax Income,-0.85,-0.85,-9.8,-0.47,0.09,-0.21,1.97,1.84,0.06,0.41,-0.96,0.42,1.87,-0.38,-0.16,4.97,4.19,0.75,0.55,2.53,Upgrade
16,Income Tax Expense,0.04,0.04,-2.49,0.21,0.36,0.44,0.13,0.9,0.35,0.28,1.61,0.48,0.82,0.09,0.33,1.85,1.5,0.52,0.79,1.02,Upgrade
17,Earnings From Continuing Operations,-0.89,-0.89,-7.31,-0.69,-0.27,-0.64,1.84,0.94,-0.29,0.13,-2.57,-0.05,1.05,-0.47,-0.49,3.11,2.69,0.23,-0.24,1.52,Upgrade
18,Net Income,-0.89,-0.89,-7.31,-0.69,-0.27,-0.64,1.84,0.94,-0.29,0.13,-2.57,-0.05,1.05,-0.47,-0.49,3.11,2.69,0.23,-0.24,1.52,Upgrade
19,Preferred Dividends & Other Adjustments,-,-,-,0.15,-,-,-,-,-,-,-,-,-,-,-,-,-,-,-,-,Upgrade
20,Net Income to Common,-0.89,-0.89,-7.31,-0.84,-0.27,-0.64,1.84,0.94,-0.29,0.13,-2.57,-0.05,1.05,-0.47,-0.49,3.11,2.69,0.23,-0.24,1.52,Upgrade
21,Net Income Growth,-,-,-,-,-,-,-,-,-,-,-,-,-61.06%,-,-,105.14%,47.83%,-37.93%,-,43.52%,Upgrade
22,Shares Outstanding (Basic),400,400,400,400,400,400,400,400,400,400,400,400,400,400,400,400,400,400,400,400,Upgrade
23,Shares Outstanding (Diluted),400,400,400,400,400,400,400,400,400,400,400,400,400,400,400,400,400,400,400,400,Upgrade
24,EPS (Basic),-0.00,-0.00,-0.02,-0.00,-0.00,-0.00,0.00,0.00,-0.00,0.00,-0.01,-0.00,0.00,-0.00,-0.00,0.01,0.01,0.00,-0.00,0.00,Upgrade
25,EPS (Diluted),-0.00,-0.00,-0.02,-0.00,-0.00,-0.00,0.00,0.00,-0.00,0.00,-0.01,-0.00,0.00,-0.00,-0.00,0.01,0.01,0.00,-0.00,0.00,Upgrade
26,EPS Growth,-,-,-,-,-,-,-,-,-,-,-,-,-61.07%,-,-,105.17%,47.83%,-37.90%,-,43.53%,Upgrade
27,Free Cash Flow,3.7,3.7,-,-,-,-,-,-,-,-,-,-,-,-,-,-,-,-,-,-,Upgrade
28,Free Cash Flow Per Share,0.01,0.01,-,-,-,-,-,-,-,-,-,-,-,-,-,-,-,-,-,-,Upgrade
29,Gross Margin,15.45%,15.45%,20.73%,18.35%,18.88%,21.52%,23.08%,28.76%,23.27%,25.39%,27.75%,29.27%,25.50%,23.16%,29.87%,33.26%,34.97%,37.76%,39.28%,36.84%,Upgrade
30,Operating Margin,-11.12%,-11.12%,-84.80%,-5.58%,-1.34%,-1.08%,-8.08%,8.41%,-2.77%,3.94%,-1.68%,1.42%,9.97%,-1.23%,3.52%,17.69%,16.35%,5.58%,3.31%,13.27%,Upgrade
31,Profit Margin,-11.09%,-11.09%,-64.71%,-7.86%,-2.37%,-4.56%,8.11%,5.77%,-2.82%,0.96%,-10.90%,-0.27%,4.94%,-3.44%,-1.70%,9.75%,11.21%,1.80%,-0.96%,8.85%,Upgrade
32,Free Cash Flow Margin,46.03%,46.03%,-,-,-,-,-,-,-,-,-,-,-,-,-,-,-,-,-,-,Upgrade
33,EBITDA,-0.62,-0.62,-9.32,-0.3,0.09,0.15,-1.54,1.83,0.04,0.98,0.06,0.97,2.6,0.51,1.69,6.24,4.46,1.32,1.42,2.75,Upgrade
34,EBITDA Margin,-7.77%,-7.77%,-82.54%,-2.79%,0.76%,1.03%,-6.77%,11.24%,0.43%,7.45%,0.27%,4.78%,12.25%,3.76%,5.89%,19.55%,18.60%,10.14%,5.70%,16.06%,Upgrade
35,D&A For EBITDA,0.27,0.27,0.25,0.3,0.24,0.3,0.3,0.46,0.33,0.46,0.46,0.68,0.48,0.68,0.68,0.6,0.54,0.6,0.6,0.48,Upgrade
36,EBIT,-0.89,-0.89,-9.58,-0.59,-0.15,-0.15,-1.83,1.37,-0.28,0.52,-0.4,0.29,2.11,-0.17,1.01,5.65,3.92,0.73,0.82,2.28,Upgrade
37,EBIT Margin,-11.12%,-11.12%,-84.80%,-5.58%,-1.34%,-1.08%,-8.08%,8.41%,-2.77%,3.94%,-1.68%,1.42%,9.97%,-1.23%,3.52%,17.69%,16.35%,5.58%,3.31%,13.27%,Upgrade
38,Effective Tax Rate,-,-,-,-,412.64%,-,6.51%,49.00%,616.07%,68.89%,-,112.83%,43.86%,-,-,37.33%,35.84%,68.97%,143.77%,40.13%,Upgrade
