,Fiscal Quarter,Q4 2024,Q3 2024,Q2 2024,Q1 2024,Q4 2023,Q3 2023,Q2 2023,Q1 2023,Q4 2022,Q3 2022,Q2 2022,Q1 2022,Q4 2021,Q3 2021,Q2 2021,Q1 2021,Q4 2020,Q3 2020,Q2 2020,Q1 2020,+20 Quarters
,Period Ending,"Dec '24 Dec 31, 2024","Sep '24 Sep 30, 2024","Jun '24 Jun 30, 2024","Mar '24 Mar 31, 2024","Dec '23 Dec 31, 2023","Sep '23 Sep 30, 2023","Jun '23 Jun 30, 2023","Mar '23 Mar 31, 2023","Dec '22 Dec 31, 2022","Sep '22 Sep 30, 2022","Jun '22 Jun 30, 2022","Mar '22 Mar 31, 2022","Dec '21 Dec 31, 2021","Sep '21 Sep 30, 2021","Jun '21 Jun 30, 2021","Mar '21 Mar 31, 2021","Dec '20 Dec 31, 2020","Sep '20 Sep 30, 2020","Jun '20 Jun 30, 2020","Mar '20 Mar 31, 2020",+20 Quarters
0,Revenue,984871,792794,1020568,689745,680675,660151,892595,847945,919502,982169,1133916,1182730,1204057,878582,1187165,1060248,1111254,1052155,1084479,1050946,Upgrade
1,Revenue Growth (YoY),44.69%,20.09%,14.34%,-18.66%,-25.97%,-32.79%,-21.28%,-28.31%,-23.63%,11.79%,-4.49%,11.55%,8.35%,-16.50%,9.47%,0.89%,11.99%,14.47%,9.45%,13.78%,Upgrade
2,Cost of Revenue,879027,738306,910605,659668,695711,641398,823350,811964,870641,940779,959115,1011659,1081393,805919,979173,965069,968375,935569,934286,921929,Upgrade
3,Gross Profit,105844,54488,109963,30077,-15036,18754,69245,35981,48862,41390,174801,171071,122664,72663,207992,95179,142879,116586,150193,129017,Upgrade
4,"Selling, General & Admin",65248,71725,85753,70464,75919,64204,63646,69188,66883,78486,91597,79114,89506,65247,77925,69766,65189,68311,74981,79662,Upgrade
5,Operating Expenses,65248,71725,85753,70464,75919,64204,63646,69188,66883,78486,91597,79114,89506,65247,77925,69766,65189,68311,74981,79662,Upgrade
6,Operating Income,40596,-17237,24210,-40387,-90955,-45451,5599,-33207,-18022,-37096,83203,91957,33158,7416,130067,25413,77691,48274,75212,49355,Upgrade
7,Interest Expense,-8643,-8483,-8866,-10076,-12281,-11906,-12684,-12416,-10907,-8727,-8116,-8599,-10222,-10884,-11063,-12360,-17199,-18779,-19513,-20872,Upgrade
8,Interest & Investment Income,18.66,95.49,1512,621.24,65.24,4.6,6.55,9.72,16.86,7.27,12.82,11.37,598.64,4.81,10.78,7.77,8.2,7.62,7.52,14.53,Upgrade
9,Currency Exchange Gain (Loss),599.1,-,-,-,-12.83,-,-,-,-,-,-,-,-,-,-0.07,0.07,-,-,-,-,Upgrade
10,Other Non Operating Income (Expenses),741.52,196.03,10245,121.13,-17945,311.48,321.18,-2991,-4070,510.43,2366,1461,351.31,-4532,-3600,-2416,-2255,-5331,248.59,-3345,Upgrade
11,EBT Excluding Unusual Items,33313,-25428,27102,-49721,-121128,-57041,-6757,-48605,-32983,-45305,77466,84831,23886,-7995,115415,10645,58245,24172,55956,25152,Upgrade
12,Gain (Loss) on Sale of Assets,6601,-,-,-,-,-,-,-,2757,-,-2757,2757,-,-,-,-,-,2926,-2856,-69.64,Upgrade
13,Other Unusual Items,-,-,-,-,-,-,-,-,284.73,-,-,-,558.39,-,-,-,1743,-,-,-,Upgrade
14,Pretax Income,39914,-25428,27102,-49721,-121128,-57041,-6757,-48605,-29941,-45305,74709,87588,24444,-7995,115415,10645,59988,27097,53100,25083,Upgrade
15,Income Tax Expense,0.22,-,-,-,-,-,5.12,-,-4238,-7753,16935,18972,10342,122.81,25719,3412,-4076,6914,10983,6507,Upgrade
16,Earnings From Continuing Operations,39914,-25428,27102,-49721,-121128,-57041,-6763,-48605,-25703,-37552,57774,68616,14101,-8118,89696,7233,64064,20183,42117,18576,Upgrade
17,Minority Interest in Earnings,1191,992.93,-1397,1124,1396,1388,1414,1854,1560,1406,1697,1531,1469,1822,1725,1345,2100,1484,1602,1616,Upgrade
18,Net Income,41105,-24435,25705,-48597,-119732,-55653,-5349,-46751,-24143,-36146,59471,70147,15570,-6296,91421,8577,66163,21667,43719,20191,Upgrade
19,Preferred Dividends & Other Adjustments,-,-,-,-,-,-,-,-,42579,-,-,-,41247,-,-,-,37781,-,-,-,Upgrade
20,Net Income to Common,41105,-24435,25705,-48597,-119732,-55653,-5349,-46751,-66722,-36146,59471,70147,-25677,-6296,91421,8577,28382,21667,43719,20191,Upgrade
21,Net Income Growth,-,-,-,-,-,-,-,-,-,-,-34.95%,717.82%,-76.47%,-,109.11%,-57.52%,124.75%,18.50%,-25.65%,-15.80%,Upgrade
22,Shares Outstanding (Basic),822,64,123,123,123,123,124,123,123,123,20,123,123,123,123,123,123,123,123,123,Upgrade
23,Shares Outstanding (Diluted),822,64,123,123,123,123,124,123,123,123,20,123,123,123,123,123,123,123,123,123,Upgrade
24,Shares Change (YoY),566.82%,-48.32%,-1.05%,-0.01%,-0.15%,-0.19%,524.82%,0.06%,0.39%,-0.07%,-83.84%,0.61%,-0.11%,0.22%,-0.11%,-0.30%,-0.09%,-0.15%,0.20%,-0.24%,Upgrade
25,EPS (Basic),50.00,-384.00,208.86,-394.00,-971.17,-452.00,-43.00,-379.00,-540.39,-293.00,2987.39,569.00,-208.78,-51.00,742.00,70.00,230.51,175.89,354.46,164.29,Upgrade
26,EPS (Diluted),50.00,-384.00,208.86,-394.00,-971.17,-452.00,-43.00,-379.00,-540.39,-293.00,2987.39,569.00,-208.78,-51.00,742.00,70.00,230.51,175.89,354.46,164.29,Upgrade
27,EPS Growth,-,-,-,-,-,-,-,-,-,-,302.61%,712.86%,-,-,109.33%,-57.39%,-,18.67%,-25.79%,-15.60%,Upgrade
28,Free Cash Flow,339543,-43457,66642,-181891,148309,-105645,-77586,-49168,150975,11851,-46636,-134126,362696,-26142,48397,-51933,417986,120467,19416,-168641,Upgrade
29,Free Cash Flow Per Share,413.02,-682.94,541.48,-1474.68,1202.96,-858.03,-623.75,-398.59,1222.77,96.06,-2342.65,-1087.97,2949.10,-211.76,392.80,-423.83,3394.76,977.96,157.42,-1372.13,Upgrade
30,Dividend Per Share,-,-,-,-,-,-,-,-,500.000,-,-,-,500.000,-,-,-,300.000,-,-,-,Upgrade
31,Dividend Growth,-,-,-,-,-,-,-,-,0%,-,-,-,66.67%,-,-,-,-,-,-,-,Upgrade
32,Gross Margin,10.75%,6.87%,10.77%,4.36%,-2.21%,2.84%,7.76%,4.24%,5.31%,4.21%,15.42%,14.46%,10.19%,8.27%,17.52%,8.98%,12.86%,11.08%,13.85%,12.28%,Upgrade
33,Operating Margin,4.12%,-2.17%,2.37%,-5.86%,-13.36%,-6.88%,0.63%,-3.92%,-1.96%,-3.78%,7.34%,7.77%,2.75%,0.84%,10.96%,2.40%,6.99%,4.59%,6.94%,4.70%,Upgrade
34,Profit Margin,4.17%,-3.08%,2.52%,-7.05%,-17.59%,-8.43%,-0.60%,-5.51%,-7.26%,-3.68%,5.24%,5.93%,-2.13%,-0.72%,7.70%,0.81%,2.55%,2.06%,4.03%,1.92%,Upgrade
35,Free Cash Flow Margin,34.48%,-5.48%,6.53%,-26.37%,21.79%,-16.00%,-8.69%,-5.80%,16.42%,1.21%,-4.11%,-11.34%,30.12%,-2.98%,4.08%,-4.90%,37.61%,11.45%,1.79%,-16.05%,Upgrade
36,EBITDA,121649,63522,104074,39407,-11399,34144,84719,46051,60055,38215,158048,167811,106871,84510,205538,101461,153920,124329,152534,125254,Upgrade
37,EBITDA Margin,12.35%,8.01%,10.20%,5.71%,-1.67%,5.17%,9.49%,5.43%,6.53%,3.89%,13.94%,14.19%,8.88%,9.62%,17.31%,9.57%,13.85%,11.82%,14.07%,11.92%,Upgrade
38,D&A For EBITDA,81053,80758,79864,79795,79555,79594,79121,79258,78077,75310,74844,75854,73713,77094,75470,76048,76229,76055,77321,75899,Upgrade
39,EBIT,40596,-17237,24210,-40387,-90955,-45451,5599,-33207,-18022,-37096,83203,91957,33158,7416,130067,25413,77691,48274,75212,49355,Upgrade
40,EBIT Margin,4.12%,-2.17%,2.37%,-5.86%,-13.36%,-6.88%,0.63%,-3.92%,-1.96%,-3.78%,7.34%,7.77%,2.75%,0.84%,10.96%,2.40%,6.99%,4.59%,6.94%,4.70%,Upgrade
41,Effective Tax Rate,0.00%,-,-,-,-,-,-,-,-,-,22.67%,21.66%,42.31%,-,22.28%,32.05%,-,25.52%,20.68%,25.94%,Upgrade
42,Revenue as Reported,984871,792794,1020568,689745,680675,660151,892595,847945,919502,982169,1133916,1182730,1204057,878582,1187165,1060248,1111254,1052155,1084479,1050946,Upgrade
