,Fiscal Quarter,Q3 2024,Q2 2024,Q1 2024,Q3 2023,Q2 2023,Q1 2023,Q4 2022,Q3 2022,Q2 2022,Q1 2022,Q4 2021,Q3 2021,Q2 2021,Q1 2021,Q4 2020,Q3 2020,Q2 2020,Q1 2020,Q4 2019,Q3 2019,+20 Quarters
,Period Ending,"Sep '24 Sep 30, 2024","Jun '24 Jun 30, 2024","Mar '24 Mar 31, 2024","Sep '23 Sep 30, 2023","Jun '23 Jun 30, 2023","Mar '23 Mar 31, 2023","Dec '22 Dec 31, 2022","Sep '22 Sep 30, 2022","Jun '22 Jun 30, 2022","Mar '22 Mar 31, 2022","Dec '21 Dec 31, 2021","Sep '21 Sep 30, 2021","Jun '21 Jun 30, 2021","Mar '21 Mar 31, 2021","Dec '20 Dec 31, 2020","Sep '20 Sep 30, 2020","Jun '20 Jun 30, 2020","Mar '20 Mar 31, 2020","Dec '19 Dec 31, 2019","Sep '19 Sep 30, 2019",+20 Quarters
0,Revenue,60379,54990,52315,50107,39676,33506,44890,44890,29092,29092,28289,28289,22516,22516,27647,27647,18410,18410,24921,24921,Upgrade
1,Revenue Growth (YoY),52.18%,64.12%,16.54%,11.62%,36.38%,15.17%,58.68%,58.68%,29.21%,29.21%,2.32%,2.32%,22.30%,22.30%,10.94%,10.94%,-22.58%,-22.58%,-5.76%,-5.76%,Upgrade
2,Cost of Revenue,50917,45970,45168,42369,33882,28759,38681,38681,24854,24854,23463,23463,18637,18637,23429,23429,15259,15259,20698,20698,Upgrade
3,Gross Profit,9462,9020,7147,7739,5793,4747,6210,6210,4238,4238,4827,4827,3880,3880,4218,4218,3151,3151,4224,4224,Upgrade
4,"Selling, General & Admin",4931,8072,6451,5855,5578,4493,5496,5496,4409,4409,4501,4501,3221,3221,2970,2970,2431,2431,2354,2354,Upgrade
5,Other Operating Expenses,-,-,-,-,-,-,170.2,170.2,-,-,-,-,-,-,-,-,-,-,-,-,Upgrade
6,Operating Expenses,6403,7908,6653,6507,5302,4710,5655,5655,4421,4421,4563,4563,3223,3223,2972,2972,2433,2433,2373,2373,Upgrade
7,Operating Income,3059,1112,494,1232,491.43,37,554.49,554.49,-182.69,-182.69,263.78,263.78,656.7,656.7,1245,1245,717.52,717.52,1851,1851,Upgrade
8,Interest Expense,-109.44,-225.07,-,-126.33,-267.58,-,-122.9,-122.9,-104.29,-104.29,-57.91,-57.91,-74.51,-74.51,-48.74,-48.74,-34.75,-34.75,-33.97,-33.97,Upgrade
9,Interest & Investment Income,225.07,649.44,-,267.58,428.33,-,253.85,253.85,211.73,211.73,147.62,147.62,124.88,124.88,108.64,108.64,79.01,79.01,63.66,63.66,Upgrade
10,Earnings From Equity Investments,-113.73,336.73,412,53.31,108.69,36,40.24,40.24,285.45,285.45,249.45,249.45,353.05,353.05,214.86,214.86,222.85,222.85,157.66,157.66,Upgrade
11,Currency Exchange Gain (Loss),-141.95,141.95,-,114.58,-114.58,-,-58.36,-58.36,19.07,19.07,44.48,44.48,17.93,17.93,-,-,-,-,33.78,33.78,Upgrade
12,Other Non Operating Income (Expenses),-197.38,164.38,728,69.23,524.77,274,139.81,139.81,415.55,415.55,210.54,210.54,382.27,382.27,180.49,180.49,335.44,335.44,271.93,271.93,Upgrade
13,EBT Excluding Unusual Items,2721,2180,1634,1610,1171,347,807.14,807.14,644.8,644.8,857.96,857.96,1460,1460,1701,1701,1320,1320,2344,2344,Upgrade
14,Gain (Loss) on Sale of Investments,254.84,-254.84,-,33.87,-33.87,-,0.71,0.71,13.45,13.45,14.31,14.31,-,-,-,-,-,-,0.32,0.32,Upgrade
15,Gain (Loss) on Sale of Assets,-96.9,7567,-,55.24,-55.24,-,-,-,-,-,-,-,-,-,199.78,199.78,-,-,91.53,91.53,Upgrade
16,Asset Writedown,-51.04,-161.97,-24,3,-3,3,-,-,-,-,-,-,-,-,-,-,-,-,-,-,Upgrade
17,Other Unusual Items,-,-,-,-45.15,45.15,-,874.87,874.87,-,-,-,-,-,-,-,-,-,-,-,-,Upgrade
18,Pretax Income,2828,9330,1610,1657,1124,350,1683,1683,658.26,658.26,872.27,872.27,1460,1460,1900,1900,1320,1320,2436,2436,Upgrade
19,Income Tax Expense,277.69,364.31,192,380.41,255.59,-55,-3.19,-3.19,19.33,19.33,-99.69,-99.69,255.78,255.78,273.08,273.08,160.1,160.1,328.69,328.69,Upgrade
20,Earnings From Continuing Operations,2550,8966,1418,1276,868.51,405,1686,1686,638.92,638.92,971.96,971.96,1205,1205,1627,1627,1160,1160,2107,2107,Upgrade
21,Minority Interest in Earnings,-95.26,71.26,143,-0.22,-11.78,309,168.15,168.15,137.2,137.2,261.2,261.2,-13.98,-13.98,-8.82,-8.82,-11.6,-11.6,-17.07,-17.07,Upgrade
22,Net Income,2455,9037,1561,1276,856.73,714,1854,1854,776.12,776.12,1233,1233,1191,1191,1619,1619,1148,1148,2090,2090,Upgrade
23,Preferred Dividends & Other Adjustments,-72.4,72.4,-,-71.06,71.06,-,35.41,35.41,33.33,33.33,31.85,31.85,31.85,31.85,68.61,68.61,-,-,-,-,Upgrade
24,Net Income to Common,2528,8964,1561,1347,785.66,714,1819,1819,742.79,742.79,1201,1201,1159,1159,1550,1550,1148,1148,2090,2090,Upgrade
25,Net Income Growth,186.57%,1165.67%,-15.81%,-31.16%,10.39%,-8.00%,50.35%,50.35%,-34.81%,-34.81%,-23.81%,-23.81%,3.67%,3.67%,-22.56%,-22.56%,-42.72%,-42.72%,-28.95%,-28.95%,Upgrade
26,Shares Outstanding (Basic),10063,10063,-,-,10057,-,10048,10048,10020,10020,9822,9822,9819,9819,9816,9816,9289,9289,9128,9128,Upgrade
27,Shares Outstanding (Diluted),10063,10063,-,-,10057,-,10198,10198,10096,10096,9949,9949,9824,9824,9826,9826,9297,9297,9232,9232,Upgrade
28,Shares Change (YoY),0.06%,-,-,-,-0.39%,-,2.50%,2.50%,2.77%,2.77%,1.26%,1.26%,5.67%,5.67%,6.43%,6.43%,1.85%,1.85%,0.71%,0.71%,Upgrade
29,EPS (Basic),0.25,0.89,-,-,0.08,-,0.18,0.18,0.07,0.07,0.12,0.12,0.12,0.12,0.16,0.16,0.12,0.12,0.23,0.23,Upgrade
30,EPS (Diluted),0.25,0.89,-,-,0.08,-,0.18,0.18,0.07,0.07,0.12,0.12,0.12,0.12,0.16,0.16,0.12,0.12,0.23,0.23,Upgrade
31,EPS Growth,221.45%,-,-,-,6.21%,-,47.74%,47.74%,-37.64%,-37.64%,-22.41%,-22.41%,-4.49%,-4.49%,-30.95%,-30.95%,-43.76%,-43.76%,-29.95%,-29.95%,Upgrade
32,Free Cash Flow,-,-,-,-,-,-,2610,2610,3641,3641,5140,5140,1118,1118,1308,1308,-1913,-1913,3338,3338,Upgrade
33,Free Cash Flow Per Share,-,-,-,-,-,-,0.26,0.26,0.36,0.36,0.52,0.52,0.11,0.11,0.13,0.13,-0.21,-0.21,0.36,0.36,Upgrade
34,Gross Margin,15.67%,16.40%,13.66%,15.44%,14.60%,14.17%,13.83%,13.83%,14.57%,14.57%,17.06%,17.06%,17.23%,17.23%,15.26%,15.26%,17.11%,17.11%,16.95%,16.95%,Upgrade
35,Operating Margin,5.07%,2.02%,0.94%,2.46%,1.24%,0.11%,1.24%,1.24%,-0.63%,-0.63%,0.93%,0.93%,2.92%,2.92%,4.50%,4.50%,3.90%,3.90%,7.43%,7.43%,Upgrade
36,Profit Margin,4.19%,16.30%,2.98%,2.69%,1.98%,2.13%,4.05%,4.05%,2.55%,2.55%,4.25%,4.25%,5.15%,5.15%,5.61%,5.61%,6.24%,6.24%,8.39%,8.39%,Upgrade
37,Free Cash Flow Margin,-,-,-,-,-,-,5.81%,5.81%,12.52%,12.52%,18.17%,18.17%,4.96%,4.96%,4.73%,4.73%,-10.39%,-10.39%,13.40%,13.40%,Upgrade
38,EBITDA,3755,1871,1191,1937,1257,742.17,1280,1280,501.94,501.94,897.95,897.95,1253,1253,1801,1801,1257,1257,2215,2215,Upgrade
39,EBITDA Margin,6.22%,3.40%,2.28%,3.87%,3.17%,2.21%,2.85%,2.85%,1.73%,1.73%,3.17%,3.17%,5.57%,5.57%,6.51%,6.51%,6.83%,6.83%,8.89%,8.89%,Upgrade
40,D&A For EBITDA,696.77,758.75,696.77,705.17,765.48,705.17,725.69,725.69,684.64,684.64,634.18,634.18,596.45,596.45,555.22,555.22,539.72,539.72,363.61,363.61,Upgrade
41,EBIT,3059,1112,494,1232,491.43,37,554.49,554.49,-182.69,-182.69,263.78,263.78,656.7,656.7,1245,1245,717.52,717.52,1851,1851,Upgrade
42,EBIT Margin,5.07%,2.02%,0.94%,2.46%,1.24%,0.11%,1.24%,1.24%,-0.63%,-0.63%,0.93%,0.93%,2.92%,2.92%,4.50%,4.50%,3.90%,3.90%,7.43%,7.43%,Upgrade
43,Effective Tax Rate,9.82%,3.90%,11.93%,22.96%,22.74%,-,-,-,2.94%,2.94%,-,-,17.52%,17.52%,14.37%,14.37%,12.13%,12.13%,13.49%,13.49%,Upgrade
