,Fiscal Quarter,Q4 2024,Q3 2024,Q2 2024,Q1 2024,Q4 2023,Q3 2023,Q2 2023,Q1 2023,Q4 2022,Q3 2022,Q2 2022,Q1 2022,Q4 2021,Q3 2021,Q2 2021,Q1 2021,Q4 2020,Q3 2020,Q2 2020,Q1 2020,+8 Quarters
,Period Ending,"Dec '24 Dec 31, 2024","Sep '24 Sep 30, 2024","Jun '24 Jun 30, 2024","Mar '24 Mar 31, 2024","Dec '23 Dec 31, 2023","Sep '23 Sep 30, 2023","Jun '23 Jun 30, 2023","Mar '23 Mar 31, 2023","Dec '22 Dec 31, 2022","Sep '22 Sep 30, 2022","Jun '22 Jun 30, 2022","Mar '22 Mar 31, 2022","Dec '21 Dec 31, 2021","Sep '21 Sep 30, 2021","Jun '21 Jun 30, 2021","Mar '21 Mar 31, 2021","Dec '20 Dec 31, 2020","Sep '20 Sep 30, 2020","Jun '20 Jun 30, 2020","Mar '20 Mar 31, 2020",+8 Quarters
0,Revenue,1142,1705,1756,1643,1293,1897,1964,1702,1165,1860,1821,1632,1429,1882,1851,1626,1190,1823,1619,956,Upgrade
1,Revenue Growth (YoY),-11.68%,-10.12%,-10.59%,-3.47%,10.99%,1.99%,7.85%,4.29%,-18.47%,-1.17%,-1.62%,0.37%,20.08%,3.24%,14.33%,70.08%,-1.00%,0.05%,-15.50%,-40.47%,Upgrade
2,Cost of Revenue,621,830,851,797,676,928,951,848,631,906,902,799,687,845,832,767,604,829,715,533,Upgrade
3,Gross Profit,521,875,905,846,617,969,1013,854,534,954,919,833,742,1037,1019,859,586,994,904,423,Upgrade
4,"Selling, General & Admin",485,586,568,463,540,583,602,466,528,564,549,479,611,619,605,545,530,610,570,425,Upgrade
5,Other Operating Expenses,10,-26,-10,-25,14,-31,-4,-30,29,-39,6,-40,-17,-32,-25,-28,-9,-59,-36,-16,Upgrade
6,Operating Expenses,495,560,558,438,554,552,598,436,557,525,555,439,594,587,580,517,521,551,534,409,Upgrade
7,Operating Income,26,315,347,408,63,417,415,418,-23,429,364,394,148,450,439,342,65,443,370,14,Upgrade
8,Interest Expense,-35,-,-17,-,-32,-,-26,-,-25,-,-12,-,-9,-,-32,-,-3,-,-13,-12,Upgrade
9,Interest & Investment Income,43,3,23,14,56,2,26,2,39,1,19,1,39,4,18,-,21,-,9,-,Upgrade
10,Earnings From Equity Investments,3,14,13,1,-,12,12,4,-2,13,11,1,4,11,15,2,2,13,4,4,Upgrade
11,Currency Exchange Gain (Loss),-,-,-,-,2,-,-,-,-,-,-,-,-,-,-,-,-10,-,-,-,Upgrade
12,Other Non Operating Income (Expenses),-,-,-,-,-20,-,-,-,-23,-,-,-,-26,-,-,-,-16,-,-,-,Upgrade
13,EBT Excluding Unusual Items,37,332,366,423,69,431,427,424,-34,443,382,396,156,465,440,344,59,456,370,6,Upgrade
14,Merger & Restructuring Charges,-20,-,-2,-13,-9,-,-1,-4,7,-,-2,-3,-13,-,-18,-4,-12,-,-7,-2,Upgrade
15,Gain (Loss) on Sale of Assets,43,-,21,-,39,-,17,-,64,-,33,-,34,-,14,-,46,-,-1,-,Upgrade
16,Asset Writedown,1,-,-,-,-,-,-,-,-,-,-,-,-,-,-,-,-,-,-,-,Upgrade
17,Other Unusual Items,-4,-24,-,-,-66,-,-,-,-,-3,-,-,-1,-4,-,-,-1,-5,-,-1,Upgrade
18,Pretax Income,57,308,385,410,33,431,443,420,37,440,413,393,176,461,436,340,92,451,362,3,Upgrade
19,Income Tax Expense,70,98,125,117,51,123,158,115,39,129,81,85,71,103,158,100,77,125,127,42,Upgrade
20,Earnings From Continuing Operations,-13,210,260,293,-18,308,285,305,-2,311,332,308,105,358,278,240,15,326,235,-39,Upgrade
21,Minority Interest in Earnings,-3,-9,-6,-6,-5,-8,-7,-8,-10,-11,-9,-6,-6,-10,-8,-7,-2,-10,-9,-2,Upgrade
22,Net Income,-16,201,254,287,-23,300,278,297,-12,300,323,302,99,348,270,233,13,316,226,-41,Upgrade
23,Net Income to Common,-16,201,254,287,-23,300,278,297,-12,300,323,302,99,348,270,233,13,316,226,-41,Upgrade
24,Net Income Growth,-,-33.00%,-8.63%,-3.37%,-,0%,-13.93%,-1.66%,-,-13.79%,19.63%,29.61%,661.54%,10.13%,19.47%,-,-71.11%,25.90%,-38.25%,-,Upgrade
25,Shares Outstanding (Basic),13189,13187,13188,13184,13186,13215,13220,13217,13218,13221,13223,13221,13221,13221,13221,13221,13221,13220,13215,13226,Upgrade
26,Shares Outstanding (Diluted),13189,13187,13282,13287,13186,13215,13308,13259,13218,13221,13230,13246,13225,13221,13242,13221,13241,13220,13216,13226,Upgrade
27,Shares Change (YoY),0.02%,-0.22%,-0.19%,0.21%,-0.24%,-0.04%,0.59%,0.10%,-0.05%,0.00%,-0.10%,0.19%,-0.12%,0.00%,0.20%,-0.04%,50.20%,1.13%,75.41%,75.54%,Upgrade
28,EPS (Basic),-0.00,0.02,0.02,0.02,-0.00,0.02,0.02,0.02,-0.00,0.02,0.02,0.02,0.01,0.03,0.02,0.02,0.00,0.02,0.02,-0.00,Upgrade
29,EPS (Diluted),-0.00,0.02,0.02,0.02,-0.00,0.02,0.02,0.02,-0.00,0.02,0.02,0.02,0.01,0.03,0.02,0.02,0.00,0.02,0.02,-0.00,Upgrade
30,EPS Growth,-,-32.86%,-8.63%,-3.57%,-,0.04%,-14.34%,-1.75%,-,-13.79%,19.77%,29.37%,661.75%,10.12%,19.13%,-,-80.67%,24.49%,-64.80%,-,Upgrade
31,Dividend Per Share,0.057,-,-,-,0.053,-,-,-,0.038,-,-,-,0.030,-,-,-,0.028,-,-,-,Upgrade
32,Dividend Growth,6.99%,-,-,-,39.95%,-,-,-,25.17%,-,-,-,6.71%,-,-,-,7.60%,-,-,-,Upgrade
33,Gross Margin,45.62%,51.32%,51.54%,51.49%,47.72%,51.08%,51.58%,50.18%,45.84%,51.29%,50.47%,51.04%,51.92%,55.10%,55.05%,52.83%,49.24%,54.53%,55.84%,44.25%,Upgrade
34,Operating Margin,2.28%,18.48%,19.76%,24.83%,4.87%,21.98%,21.13%,24.56%,-1.97%,23.06%,19.99%,24.14%,10.36%,23.91%,23.72%,21.03%,5.46%,24.30%,22.85%,1.46%,Upgrade
35,Profit Margin,-1.40%,11.79%,14.46%,17.47%,-1.78%,15.81%,14.15%,17.45%,-1.03%,16.13%,17.74%,18.50%,6.93%,18.49%,14.59%,14.33%,1.09%,17.33%,13.96%,-4.29%,Upgrade
36,EBITDA,187.75,452,509,545,200,564.75,576.5,565.75,124.75,595.75,538,560.75,305.5,593,619,485,216.25,588.25,525.5,159.25,Upgrade
37,EBITDA Margin,16.44%,26.51%,28.99%,33.17%,15.47%,29.77%,29.35%,33.24%,10.71%,32.03%,29.54%,34.36%,21.38%,31.51%,33.44%,29.83%,18.17%,32.27%,32.46%,16.66%,Upgrade
38,D&A For EBITDA,161.75,137,162,137,137,147.75,161.5,147.75,147.75,166.75,174,166.75,157.5,143,180,143,151.25,145.25,155.5,145.25,Upgrade
39,EBIT,26,315,347,408,63,417,415,418,-23,429,364,394,148,450,439,342,65,443,370,14,Upgrade
40,EBIT Margin,2.28%,18.48%,19.76%,24.83%,4.87%,21.98%,21.13%,24.56%,-1.97%,23.06%,19.99%,24.14%,10.36%,23.91%,23.72%,21.03%,5.46%,24.30%,22.85%,1.46%,Upgrade
41,Effective Tax Rate,122.81%,31.82%,32.47%,28.54%,154.55%,28.54%,35.67%,27.38%,105.41%,29.32%,19.61%,21.63%,40.34%,22.34%,36.24%,29.41%,83.70%,27.72%,35.08%,1400.00%,Upgrade
