,Fiscal Quarter,Q3 2024,Q2 2024,Q1 2024,Q4 2023,Q3 2023,Q2 2023,Q1 2023,Q4 2022,Q3 2022,Q2 2022,Q1 2022,Q4 2021,Q3 2021,Q2 2021,Q1 2021,Q4 2020,Q3 2020,Q2 2020,Q1 2020,Q4 2019,+20 Quarters
,Period Ending,"Sep '24 Sep 30, 2024","Jun '24 Jun 30, 2024","Mar '24 Mar 31, 2024","Dec '23 Dec 31, 2023","Sep '23 Sep 30, 2023","Jun '23 Jun 30, 2023","Mar '23 Mar 31, 2023","Dec '22 Dec 31, 2022","Sep '22 Sep 30, 2022","Jun '22 Jun 30, 2022","Mar '22 Mar 31, 2022","Dec '21 Dec 31, 2021","Sep '21 Sep 30, 2021","Jun '21 Jun 30, 2021","Mar '21 Mar 31, 2021","Dec '20 Dec 31, 2020","Sep '20 Sep 30, 2020","Jun '20 Jun 30, 2020","Mar '20 Mar 31, 2020","Dec '19 Dec 31, 2019",+20 Quarters
0,Rental Revenue,582.85,541.54,909.62,1174,526.6,564.74,4277,1567,473.07,459.89,2549,2885,549.96,766.8,408.97,1173,400.95,410.28,1596,1358,Upgrade
1,Other Revenue,-1.73,1.73,-,43.26,-3.23,3.23,-,4.46,-,-,-,5.93,-2.05,2.05,-,12.97,-1.65,1.65,-,8.97,Upgrade
2,Total Revenue,581.12,543.26,909.62,1217,523.38,567.96,4277,1571,473.07,459.89,2549,2891,547.9,768.85,408.97,1186,399.29,411.93,1596,1367,Upgrade
3,Revenue Growth (YoY,11.03%,-4.35%,-78.73%,-22.54%,10.63%,23.50%,67.76%,-45.66%,-13.66%,-40.19%,523.36%,143.82%,37.22%,86.65%,-74.38%,-13.27%,-28.41%,-31.23%,92.69%,-8.56%,Upgrade
4,Property Expenses,299.08,261.74,317.46,731.28,199.23,226.52,944.95,449.84,209.18,268.32,659.72,757.78,232.25,277.45,192.63,553.02,173.38,197.63,770.88,593.73,Upgrade
5,"Selling, General & Administrative",45.67,42.02,37.52,66.6,31.64,31.4,25.49,57.05,30.98,17.7,31.8,52.68,30.96,23.78,28.01,44.06,24.91,27.73,24.86,54.73,Upgrade
6,Other Operating Expenses,45.16,54.35,147.09,47.43,46.62,71.78,1405,341.51,55.2,105.4,587.18,586.41,21.75,76.99,-6.92,80.86,12.03,2.32,178.76,68.74,Upgrade
7,Total Operating Expenses,389.02,359.24,503.26,865.71,279.76,329.95,2375,850.08,294.51,395.51,1280,1467,284.67,379.87,214.95,679.4,209.06,256.7,974.94,748.75,Upgrade
8,Operating Income,192.1,184.02,406.36,351.33,243.62,238.01,1902,721.08,178.56,64.38,1270,1425,263.23,388.98,194.02,506.46,190.23,155.23,621.2,618.51,Upgrade
9,Interest Expense,-116.65,-116.13,-111.71,-247.01,-,-101.97,-81.76,-94.05,-82.68,-72.32,-83.64,-82.62,-124.2,-62.51,-57,-33.43,-37.92,-67.63,-31.68,-24.16,Upgrade
10,Interest & Investment Income,17.7,38.29,14.08,19.73,0.21,38.76,17.37,43.34,41.76,59.44,38.08,42.84,25.61,63.4,29.85,44.48,34.3,39.48,5.21,24.14,Upgrade
11,Currency Exchange Gain (Loss),-0.05,0.05,-,-1.67,-0.12,0.12,-,-0.92,-0.11,0.11,-,-1.36,0.01,-0.01,-,1.26,-0.03,0.03,-,-0.52,Upgrade
12,Other Non-Operating Income,-5.97,-0.47,-3.33,97.85,-102.37,1.74,-2.49,-2.21,-0.2,-1.29,-0.43,-48.95,45.04,-1.82,-0.29,-1.79,-0.26,-1.16,-0.3,-0.77,Upgrade
13,EBT Excluding Unusual Items,87.13,105.76,305.4,220.24,141.34,176.66,1835,667.24,137.34,50.32,1224,1335,209.7,388.03,166.59,516.98,186.32,125.95,594.43,617.21,Upgrade
14,Gain (Loss) on Sale of Investments,1.33,-1.51,-0.83,19.93,-0.19,-0.98,-,-2.68,-0.83,0.86,-0.02,13.66,-0.14,0.43,-0.23,10.98,-0.62,0.01,-0.5,1.81,Upgrade
15,Gain (Loss) on Sale of Assets,-,0.02,-,-1.01,-,0,-,-0.01,0,0,-,-0.07,-0.02,0,-0.02,-0.01,0,0.01,-,-0,Upgrade
16,Asset Writedown,-,-,-,-,-,-,-,-,-,-,-,-,-,-,-,-0,-,-,-,-0.01,Upgrade
17,Other Unusual Items,-5.22,2.99,2.57,15.61,0.93,-,-,11.56,-,-,-,21.27,-1.34,1.34,-,41.1,-,-,-,22.05,Upgrade
18,Pretax Income,83.24,107.26,307.14,254.77,142.08,175.67,1835,676.11,136.51,51.18,1224,1369,208.2,389.8,166.34,569.04,185.71,125.98,593.93,641.05,Upgrade
19,Income Tax Expense,23.25,20.46,76.21,49.42,42.07,44.56,473.52,154.76,44.31,7,329.22,366.31,59.39,85.1,47.79,150.74,47.06,23.99,152.22,150.42,Upgrade
20,Earnings From Continuing Operations,59.99,86.79,230.93,205.35,100.01,131.11,1362,521.34,92.19,44.18,894.57,1003,148.81,304.69,118.55,418.3,138.65,101.99,441.71,490.63,Upgrade
21,Minority Interest in Earnings,2.91,12.81,-2.83,-7.36,8.73,8.93,10.2,-0.48,12.14,7.64,11.99,18.57,9.21,11.27,8.74,3.14,1.77,0.91,1.29,1.67,Upgrade
22,Net Income,62.9,99.6,228.09,197.99,108.73,140.04,1372,520.86,104.34,51.82,906.56,1022,158.02,315.97,127.29,421.44,140.42,102.9,443.01,492.3,Upgrade
23,Net Income to Common,62.9,99.6,228.09,197.99,108.73,140.04,1372,520.86,104.34,51.82,906.56,1022,158.02,315.97,127.29,421.44,140.42,102.9,443.01,492.3,Upgrade
24,Net Income Growth,-42.15%,-28.88%,-83.38%,-61.99%,4.22%,170.27%,51.34%,-49.02%,-33.97%,-83.60%,612.20%,142.44%,12.54%,207.07%,-71.27%,-14.39%,-5.18%,-52.76%,95.39%,20.34%,Upgrade
25,Basic Shares Outstanding,1123,1122,1123,1122,1123,1122,1122,1122,1123,1122,1122,1122,1122,1088,1157,1123,1122,1122,1122,1122,Upgrade
26,Diluted Shares Outstanding,1123,1122,1123,1122,1123,1122,1122,1122,1123,1122,1122,1122,1122,1088,1157,1123,1122,1122,1122,1122,Upgrade
27,Shares Change (YoY),0.01%,-0.03%,0.01%,0.01%,-0.00%,0.00%,0.00%,-0.01%,0.02%,3.18%,-3.01%,-0.04%,-0.01%,-3.08%,3.10%,0.03%,-0.03%,0.01%,-0.00%,-0.03%,Upgrade
28,EPS (Basic),0.06,0.09,0.20,0.18,0.10,0.12,1.22,0.46,0.09,0.05,0.81,0.91,0.14,0.29,0.11,0.38,0.13,0.09,0.39,0.44,Upgrade
29,EPS (Diluted),0.06,0.09,0.20,0.18,0.10,0.12,1.22,0.46,0.09,0.05,0.81,0.91,0.14,0.29,0.11,0.38,0.13,0.09,0.39,0.44,Upgrade
30,EPS Growth,-42.16%,-28.85%,-83.38%,-61.99%,4.22%,170.27%,51.34%,-49.02%,-33.99%,-84.11%,634.27%,142.52%,12.54%,216.83%,-72.13%,-14.42%,-5.15%,-52.76%,95.40%,20.38%,Upgrade
31,Dividend Per Share,-,-,-,0.570,-,-,-,0.500,-,-,-,0.500,-,-,-,0.300,-,-,-,0.310,Upgrade
32,Dividend Growth,-,-,-,14.00%,-,-,-,0%,-,-,-,66.67%,-,-,-,-3.23%,-,-,-,3.33%,Upgrade
33,Operating Margin,33.06%,33.87%,44.67%,28.87%,46.55%,41.91%,44.48%,45.89%,37.75%,14.00%,49.81%,49.27%,48.04%,50.59%,47.44%,42.71%,47.64%,37.68%,38.92%,45.24%,Upgrade
34,Profit Margin,10.82%,18.33%,25.08%,16.27%,20.78%,24.66%,32.08%,33.15%,22.05%,11.27%,35.56%,35.34%,28.84%,41.10%,31.12%,35.54%,35.17%,24.98%,27.75%,36.01%,Upgrade
35,Free Cash Flow Margin,55.22%,-53.67%,-16.78%,-8.62%,-106.95%,-868.50%,-25.85%,110.18%,-652.38%,27.04%,-51.02%,40.51%,54.57%,36.67%,-163.92%,31.04%,557.38%,570.34%,-104.92%,66.80%,Upgrade
36,EBITDA,319.84,314.45,534.1,479.07,373.82,366.38,2032,851.28,306.59,80.65,1398,1553,364.66,406.94,295.45,607.88,286.91,175.13,717.88,715.19,Upgrade
37,EBITDA Margin,55.04%,57.88%,58.72%,39.36%,71.43%,64.51%,47.52%,54.18%,64.81%,17.54%,54.83%,53.70%,66.55%,52.93%,72.24%,51.26%,71.85%,42.51%,44.98%,52.31%,Upgrade
38,D&A For Ebitda,127.74,130.43,127.74,127.74,130.2,128.37,130.2,130.2,128.02,16.27,128.02,128.02,101.42,17.95,101.42,101.42,96.68,19.89,96.68,96.68,Upgrade
39,EBIT,192.1,184.02,406.36,351.33,243.62,238.01,1902,721.08,178.56,64.38,1270,1425,263.23,388.98,194.02,506.46,190.23,155.23,621.2,618.51,Upgrade
40,EBIT Margin,33.06%,33.87%,44.67%,28.87%,46.55%,41.91%,44.48%,45.89%,37.75%,14.00%,49.81%,49.27%,48.04%,50.59%,47.44%,42.71%,47.64%,37.68%,38.92%,45.24%,Upgrade
41,Effective Tax Rate,27.93%,19.08%,24.81%,19.40%,29.61%,25.37%,25.80%,22.89%,32.46%,13.68%,26.90%,26.75%,28.53%,21.83%,28.73%,26.49%,25.34%,19.04%,25.63%,23.46%,Upgrade
42,Revenue as Reported,581.12,543.26,909.62,1217,523.38,567.96,4277,1571,473.07,459.89,2549,2891,547.9,768.85,408.97,1186,399.29,411.93,1596,1367,Upgrade
