,Fiscal Quarter,Q4 2024,Q3 2024,Q2 2024,Q1 2024,Q4 2023,Q3 2023,Q2 2023,Q1 2023,Q3 2022,Q2 2022,Q1 2022,Q4 2021,Q3 2021,Q2 2021,Q1 2021,Q4 2020,Q3 2020,Q2 2020,Q1 2020,Q4 2019,+18 Quarters
,Period Ending,"Dec '24 Dec 31, 2024","Sep '24 Sep 30, 2024","Jun '24 Jun 30, 2024","Mar '24 Mar 31, 2024","Dec '23 Dec 31, 2023","Sep '23 Sep 30, 2023","Jun '23 Jun 30, 2023","Mar '23 Mar 31, 2023","Sep '22 Sep 30, 2022","Jun '22 Jun 30, 2022","Mar '22 Mar 31, 2022","Dec '21 Dec 31, 2021","Sep '21 Sep 30, 2021","Jun '21 Jun 30, 2021","Mar '21 Mar 31, 2021","Dec '20 Dec 31, 2020","Sep '20 Sep 30, 2020","Jun '20 Jun 30, 2020","Mar '20 Mar 31, 2020","Dec '19 Dec 31, 2019",+18 Quarters
0,Interest and Dividend Income,2059,1056,1152,576.72,3800,1.14,150.25,93.46,0.64,3.2,146.96,2938,108.33,5.47,291.8,4636,37.73,2.22,1.62,242.69,Upgrade
1,Total Interest Expense,-,-,-,-,-,-,-,-,-,-,-,-,-,-,-,-,-,566.97,811.77,811.77,Upgrade
2,Net Interest Income,2059,1056,1152,576.72,3800,1.14,150.25,93.46,0.64,3.2,146.96,2938,108.33,5.47,291.8,4636,37.73,-564.74,-810.15,-569.08,Upgrade
3,Brokerage Commission,120.33,111.73,133.5,159.42,260.14,211.38,177.2,219.05,357.76,352.39,672.34,834.85,560.27,609.31,558.37,422.67,278.01,399.08,391.19,209.49,Upgrade
4,Underwriting & Investment Banking Fee,36.36,38.64,490.83,573.32,75,1482,27.27,433.99,236.9,757.57,372,187.94,-,2947,56.36,222.64,67.27,-95.55,327.73,3047,Upgrade
5,Gain on Sale of Investments (Rev),4975,2356,1658,6673,-16673,3108,38519,22426,1615,1755,2579,12800,1874,2902,4449,19453,1280,1402,1868,2600,Upgrade
6,Other Revenue,68.72,66.04,64.71,55.13,1691,80.94,2440,1345,191.21,2519,410.62,3266,898.41,896.72,843.23,838.72,838.72,844.02,840.46,823.1,Upgrade
7,Revenue,7259,3629,3499,8038,-10847,4884,41314,24518,2401,5387,4181,20026,3441,7360,6199,25573,2501,1985,2617,6110,Upgrade
8,Revenue Growth (YoY),-,-25.70%,-91.53%,-67.22%,-,-9.35%,888.24%,22.43%,-30.21%,-26.80%,-32.56%,-21.69%,37.56%,270.77%,136.89%,318.52%,-37.00%,-76.60%,-53.08%,-91.64%,Upgrade
9,Cost of Services Provided,2842,2684,2691,2851,2411,3169,2872,2655,3030,3351,3597,2953,2807,4746,3543,3053,2685,3002,3175,3633,Upgrade
10,Total Operating Expenses,2842,2684,2691,2851,2411,3169,2872,2655,3030,3351,3597,2953,2807,4746,3543,3053,2685,3002,3175,3633,Upgrade
11,Operating Income,4417,944.79,807.68,5186,-13258,1715,38443,21863,-629.05,2037,583.28,17073,634.09,2614,2656,22520,-184.15,-1017,-558.53,2477,Upgrade
12,Currency Exchange Gains,0.04,0.02,1.31,0.66,0.44,-,0.4,0.2,-0,0.29,-0.01,-,-,-,-0.01,0.31,-,-0.01,-0,-0.22,Upgrade
13,Other Non-Operating Income (Expenses),45,45,15.49,-2.26,-672.5,45,-15,15,135.17,-,-,-110,-,38.23,115.88,76.9,148.06,101.29,149.48,89.18,Upgrade
14,EBT Excluding Unusual Items,4462,989.81,824.48,5185,-13930,1760,38428,21878,-493.88,2037,583.27,16963,634.09,2652,2772,22597,-36.09,-915.94,-409.06,2566,Upgrade
15,Gain (Loss) on Sale of Investments,-3266,-4231,-5019,-17914,-410.12,-2156,-3765,-13685,-49635,33220,-13033,11839,-38202,42206,-29434,-394.36,4177,-1000,-13597,76507,Upgrade
16,Pretax Income,1196,-3241,-4194,-12730,-14340,-395.52,34663,8193,-50129,35257,-12449,28802,-37568,44858,-26662,22203,4141,-1916,-14006,79073,Upgrade
17,Net Income,1196,-3241,-4194,-12730,-14340,-395.52,34663,8193,-50129,35257,-12449,28802,-37568,44858,-26662,22203,4141,-1916,-14006,79073,Upgrade
18,Net Income to Common,1196,-3241,-4194,-12730,-14340,-395.52,34663,8193,-50129,35257,-12449,28802,-37568,44858,-26662,22203,4141,-1916,-14006,79073,Upgrade
19,Net Income Growth,-,-,-,-,-,-,-,-71.55%,-,-21.40%,-,29.72%,-,-,-,-71.92%,-,-,-,1.15%,Upgrade
20,Shares Outstanding (Basic),50,-,-,-,50,-,-,-,-,50,-,-,-,-,-,-,-,-,-,-,Upgrade
21,Shares Outstanding (Diluted),50,-,-,-,50,-,-,-,-,50,-,-,-,-,-,-,-,-,-,-,Upgrade
22,EPS (Basic),23.78,-,-,-,-285.10,-,-,-,-,700.93,-,-,-,-,-,-,-,-,-,-,Upgrade
23,EPS (Diluted),23.78,-,-,-,-285.10,-,-,-,-,700.93,-,-,-,-,-,-,-,-,-,-,Upgrade
24,Free Cash Flow,-4276,-4276,46674,46674,12677,-,1846,1846,-7338,-770.01,-10569,18150,-8144,1741,-15692,-,-9115,59342,-5891,-97374,Upgrade
25,Free Cash Flow Per Share,-85.01,-,-,-,252.03,-,-,-,-,-15.31,-,-,-,-,-,-,-,-,-,-,Upgrade
26,Operating Margin,60.85%,26.04%,23.08%,64.52%,-,35.12%,93.05%,89.17%,-26.20%,37.81%,13.95%,85.25%,18.43%,35.51%,42.85%,88.06%,-7.36%,-51.24%,-21.34%,40.54%,Upgrade
27,Profit Margin,16.48%,-89.32%,-119.88%,-158.37%,-,-8.10%,83.90%,33.42%,-2087.53%,654.43%,-297.79%,143.82%,-1091.84%,609.46%,-430.10%,86.82%,165.57%,-96.53%,-535.23%,1294.10%,Upgrade
28,Free Cash Flow Margin,-58.90%,-117.83%,1333.97%,580.68%,-,-,4.47%,7.53%,-305.56%,-14.29%,-252.80%,90.63%,-236.69%,23.65%,-253.14%,-,-364.42%,2989.31%,-225.11%,-1593.61%,Upgrade
29,Revenue as Reported,-,-,-,-,-,-,-,-,-,-,-,49611,-,-,-,-,-,-,3427,-,Upgrade
