,Fiscal Quarter,Q3 2024,Q2 2024,Q1 2024,Q4 2023,Q3 2023,Q2 2023,Q1 2023,Q4 2022,Q3 2022,Q2 2022,Q1 2022,Q4 2021,Q3 2021,Q2 2021,Q1 2021,Q4 2020,Q3 2020,Q2 2020,Q1 2020,Q4 2019,+20 Quarters
,Period Ending,"Sep '24 Sep 30, 2024","Jun '24 Jun 30, 2024","Mar '24 Mar 31, 2024","Dec '23 Dec 31, 2023","Sep '23 Sep 30, 2023","Jun '23 Jun 30, 2023","Mar '23 Mar 31, 2023","Dec '22 Dec 31, 2022","Sep '22 Sep 30, 2022","Jun '22 Jun 30, 2022","Mar '22 Mar 31, 2022","Dec '21 Dec 31, 2021","Sep '21 Sep 30, 2021","Jun '21 Jun 30, 2021","Mar '21 Mar 31, 2021","Dec '20 Dec 31, 2020","Sep '20 Sep 30, 2020","Jun '20 Jun 30, 2020","Mar '20 Mar 31, 2020","Dec '19 Dec 31, 2019",+20 Quarters
0,Operating Revenue,1282,1312,1768,1403,1590,1264,1592,1297,1509,941.33,1312,1338,1417,1039,1173,1275,1141,768.98,777.45,1152,Upgrade
1,Other Revenue,-86.91,86.91,-,113.17,-57.26,57.26,-,75.82,-44.19,44.19,-,61.78,-30.92,30.92,-,48.7,-23.1,23.1,-,54.59,Upgrade
2,Revenue,1195,1399,1768,1516,1533,1321,1592,1373,1465,985.52,1312,1400,1386,1070,1173,1324,1117,792.08,777.45,1206,Upgrade
3,Revenue Growth (YoY),-22.04%,5.90%,11.05%,10.42%,4.67%,34.03%,21.35%,-1.90%,5.69%,-7.87%,11.80%,5.72%,24.02%,35.05%,50.90%,9.77%,6.75%,-25.07%,-42.92%,13.64%,Upgrade
4,Cost of Revenue,319.98,364.98,415.68,406.06,334.05,395.52,371.89,384.13,386.78,286.87,288.15,421.9,341.53,305.86,274.8,382.96,254.31,203.18,174.9,290.9,Upgrade
5,Gross Profit,875.25,1034,1352,1110,1199,925.36,1220,989.14,1078,698.65,1023,978.02,1044,763.81,898.37,941.21,863.14,588.9,602.54,915.37,Upgrade
6,"Selling, General & Admin",248.34,348.35,307.08,317.11,331.39,281.65,284.5,242.52,248.55,203.76,254.24,190.19,240.84,241.66,192.2,212.1,202.46,174.42,171.21,161.32,Upgrade
7,Research & Development,5.3,9.38,2.92,17.76,10.39,1.95,3.54,5.7,7.26,5.86,5.75,6.46,6.14,4.62,4.34,2.3,6.73,4.89,4.07,0.74,Upgrade
8,Other Operating Expenses,195.11,216.95,249.19,224.8,205.59,237.19,231.3,213.29,231.33,162.11,175.35,217.38,206.48,173.41,170.88,210.01,170.29,120.32,115.11,200.81,Upgrade
9,Operating Expenses,449.65,574.41,559.3,559.11,548.07,520.76,519.34,461.53,487.24,371.72,435.31,413.82,453.73,419.78,367.36,423.49,380,299.51,290.42,362.94,Upgrade
10,Operating Income,425.6,459.45,792.52,551.19,650.96,404.59,700.36,527.61,590.67,326.93,588.15,564.2,590.59,344.03,531,517.72,483.14,289.39,312.12,552.43,Upgrade
11,Interest Expense,-0.02,-0.06,-0.49,-1.03,-0.02,-0.05,-0.02,-1.33,-0.2,-,-,-0.4,-,-,-,-,-,-,-,-6.23,Upgrade
12,Interest & Investment Income,1.83,31.48,2.8,2.48,10.66,10.16,10.21,1.75,10.45,11.71,42.45,9.24,10.44,24.94,9.68,10.05,8.68,33.81,17.18,-,Upgrade
13,Other Non Operating Income (Expenses),0.14,-0.32,-0.02,-0.16,0.74,0.23,-0.27,-1.98,1.11,-0.48,0.52,-0.37,-0.09,-1.14,1.47,18.22,1.31,-0.22,-19.95,5.8,Upgrade
14,EBT Excluding Unusual Items,427.54,490.55,794.81,552.48,662.35,414.94,710.28,526.05,602.04,338.16,631.13,572.67,600.93,367.83,542.15,545.99,493.12,322.99,309.35,552,Upgrade
15,Gain (Loss) on Sale of Investments,-0.24,-9.38,2.26,7.99,-2.95,0.65,1.73,0.27,-8.08,-0.85,9.99,4.39,2.02,1.27,8.33,11.95,2.01,-11.14,13.34,35.24,Upgrade
16,Gain (Loss) on Sale of Assets,40.11,-0.05,0.05,-,-,-,-,0.03,-,-,-0.12,250.03,4.94,1.89,4.59,0.16,-,-0.26,-1.46,-2.08,Upgrade
17,Asset Writedown,-,-,-,-20.23,-,-,-,-,-,-,-,2.41,-2.41,-,-,-,-,-,-,3.39,Upgrade
18,Other Unusual Items,-6.67,0.44,0.43,0.41,-0.03,0.03,-,3.81,-0.61,0.61,-,2.37,0.34,1.16,-,-16.52,-0.44,0.44,-,-2.8,Upgrade
19,Pretax Income,460.74,481.55,797.55,540.64,659.36,415.62,712.01,530.16,593.36,337.92,641,831.88,605.82,372.14,555.07,541.58,494.69,312.02,321.22,585.76,Upgrade
20,Income Tax Expense,98.8,122.18,208.23,167.87,158.64,103.53,176.35,181.6,131.27,83.74,155.68,255.01,142.99,104.82,135,129.38,117.48,68.89,78.03,161.1,Upgrade
21,Net Income,361.94,359.37,589.32,372.78,500.72,312.09,535.66,348.56,462.09,254.18,485.32,576.86,462.83,267.32,420.07,412.2,377.22,243.13,243.2,424.66,Upgrade
22,Net Income to Common,361.94,359.37,589.32,372.78,500.72,312.09,535.66,348.56,462.09,254.18,485.32,576.86,462.83,267.32,420.07,412.2,377.22,243.13,243.2,424.66,Upgrade
23,Net Income Growth,-27.72%,15.15%,10.02%,6.95%,8.36%,22.78%,10.37%,-39.58%,-0.16%,-4.92%,15.53%,39.95%,22.70%,9.95%,72.73%,-2.93%,-5.86%,-30.53%,-55.36%,8.53%,Upgrade
24,Shares Outstanding (Basic),595,600,601,601,595,601,602,601,600,603,599,602,602,595,600,597,598,608,593,598,Upgrade
25,Shares Outstanding (Diluted),595,600,601,601,595,601,602,601,600,603,599,602,602,595,600,597,598,608,593,598,Upgrade
26,Shares Change (YoY),-0.16%,-0.18%,-0.09%,0.01%,-0.75%,-0.44%,0.45%,-0.09%,-0.30%,1.33%,-0.16%,0.80%,0.59%,-2.02%,1.17%,-0.24%,0.03%,0.87%,-0.93%,-0.64%,Upgrade
27,EPS (Basic),0.61,0.60,0.98,0.62,0.84,0.52,0.89,0.58,0.77,0.42,0.81,0.96,0.77,0.45,0.70,0.69,0.63,0.40,0.41,0.71,Upgrade
28,EPS (Diluted),0.61,0.60,0.98,0.62,0.84,0.52,0.89,0.58,0.77,0.42,0.81,0.96,0.77,0.45,0.70,0.69,0.63,0.40,0.41,0.71,Upgrade
29,EPS Growth,-27.60%,15.36%,10.11%,6.94%,9.17%,23.33%,9.88%,-39.52%,0.14%,-6.16%,15.71%,38.83%,21.98%,12.22%,70.73%,-2.70%,-5.89%,-31.13%,-54.95%,9.23%,Upgrade
30,Free Cash Flow,310.11,43.97,-145.12,422.63,328.24,169.66,-299.92,712.99,266.65,-578.34,29.62,369.36,295.53,-54.2,-424.94,523.39,128.2,-190.52,-347.24,664.68,Upgrade
31,Free Cash Flow Per Share,0.52,0.07,-0.24,0.70,0.55,0.28,-0.50,1.19,0.44,-0.96,0.05,0.61,0.49,-0.09,-0.71,0.88,0.21,-0.31,-0.59,1.11,Upgrade
32,Dividend Per Share,-,-,-,1.500,-,-,-,1.500,-,-,-,1.500,-,-,-,1.200,-,-,-,1.500,Upgrade
33,Dividend Growth,-,-,-,0%,-,-,-,0%,-,-,-,25.00%,-,-,-,-20.00%,-,-,-,0%,Upgrade
34,Gross Margin,73.23%,73.91%,76.48%,73.22%,78.21%,70.06%,76.63%,72.03%,73.59%,70.89%,78.03%,69.86%,75.36%,71.41%,76.58%,71.08%,77.24%,74.35%,77.50%,75.88%,Upgrade
35,Operating Margin,35.61%,32.85%,44.84%,36.35%,42.46%,30.63%,44.00%,38.42%,40.33%,33.17%,44.84%,40.30%,42.62%,32.16%,45.26%,39.10%,43.24%,36.54%,40.15%,45.80%,Upgrade
36,Profit Margin,30.28%,25.69%,33.34%,24.58%,32.66%,23.63%,33.66%,25.38%,31.55%,25.79%,37.00%,41.21%,33.40%,24.99%,35.81%,31.13%,33.76%,30.70%,31.28%,35.20%,Upgrade
37,Free Cash Flow Margin,25.95%,3.14%,-8.21%,27.87%,21.41%,12.84%,-18.84%,51.92%,18.21%,-58.68%,2.26%,26.38%,21.33%,-5.07%,-36.22%,39.53%,11.47%,-24.05%,-44.66%,55.10%,Upgrade
38,EBITDA,491.56,534.22,858.48,617.15,702.16,468.52,751.56,578.8,635.4,380.24,632.88,608.93,628.69,387.5,569.42,556.14,516.82,326.8,345.8,586.11,Upgrade
39,EBITDA Margin,41.13%,38.19%,48.57%,40.70%,45.80%,35.47%,47.22%,42.15%,43.38%,38.58%,48.25%,43.50%,45.37%,36.23%,48.54%,42.00%,46.25%,41.26%,44.48%,48.59%,Upgrade
40,D&A For EBITDA,65.97,74.77,65.97,65.97,51.2,63.92,51.2,51.2,44.73,53.31,44.73,44.73,38.1,43.47,38.42,38.42,33.68,37.41,33.68,33.68,Upgrade
41,EBIT,425.6,459.45,792.52,551.19,650.96,404.59,700.36,527.61,590.67,326.93,588.15,564.2,590.59,344.03,531,517.72,483.14,289.39,312.12,552.43,Upgrade
42,EBIT Margin,35.61%,32.85%,44.84%,36.35%,42.46%,30.63%,44.00%,38.42%,40.33%,33.17%,44.84%,40.30%,42.62%,32.16%,45.26%,39.10%,43.24%,36.54%,40.15%,45.80%,Upgrade
43,Effective Tax Rate,21.44%,25.37%,26.11%,31.05%,24.06%,24.91%,24.77%,34.25%,22.12%,24.78%,24.29%,30.66%,23.60%,28.17%,24.32%,23.89%,23.75%,22.08%,24.29%,27.50%,Upgrade
44,Revenue as Reported,1195,1399,1768,1516,1533,1321,1592,1373,1465,985.52,1312,1400,1386,1070,1173,1324,1117,792.08,777.45,1206,Upgrade
