,Fiscal Quarter,Q3 2024,Q2 2024,Q1 2024,Q4 2023,Q3 2023,Q2 2023,Q1 2023,Q4 2022,Q3 2022,Q2 2022,Q1 2022,Q4 2021,Q3 2021,Q2 2021,Q1 2021,Q4 2020,Q3 2020,Q2 2020,Q1 2020,Q4 2019,+20 Quarters
,Period Ending,"Sep '24 Sep 30, 2024","Jun '24 Jun 30, 2024","Mar '24 Mar 31, 2024","Dec '23 Dec 31, 2023","Sep '23 Sep 30, 2023","Jun '23 Jun 30, 2023","Mar '23 Mar 31, 2023","Dec '22 Dec 31, 2022","Sep '22 Sep 30, 2022","Jun '22 Jun 30, 2022","Mar '22 Mar 31, 2022","Dec '21 Dec 31, 2021","Sep '21 Sep 30, 2021","Jun '21 Jun 30, 2021","Mar '21 Mar 31, 2021","Dec '20 Dec 31, 2020","Sep '20 Sep 30, 2020","Jun '20 Jun 30, 2020","Mar '20 Mar 31, 2020","Dec '19 Dec 31, 2019",+20 Quarters
0,Operating Revenue,29505,32081,24287,28932,24717,25630,22469,28572,25529,25550,29641,26532,36139,32775,28902,22242,22601,23311,16383,21801,Upgrade
1,Revenue,29505,32081,24287,28932,24717,25630,22469,28572,25529,25550,29641,26532,36139,32775,28902,22242,22601,23311,16383,21801,Upgrade
2,Revenue Growth (YoY),19.37%,25.17%,8.09%,1.26%,-3.18%,0.31%,-24.20%,7.69%,-29.36%,-22.04%,2.56%,19.29%,59.90%,40.60%,76.42%,2.03%,24.63%,18.21%,-8.99%,1.07%,Upgrade
3,Cost of Revenue,28222,30428,23036,27521,23337,24154,20930,27577,23830,23895,27896,25059,34815,31265,27589,20865,21314,21827,15591,20866,Upgrade
4,Gross Profit,1283,1653,1251,1410,1381,1476,1539,995.68,1700,1656,1745,1473,1324,1509,1313,1378,1287,1484,791.27,934.72,Upgrade
5,"Selling, General & Admin",1029,1043,944.79,1308,1037,1142,971.53,1212,1128,1148,972.68,1277,959.37,1043,820.6,1135,839.58,855.53,711.5,1086,Upgrade
6,Research & Development,47.04,50.8,26.49,90.74,116.57,-3.22,29.1,89.87,57.35,23.82,25.1,74.96,30.61,46.32,19.7,65.12,31.11,45.94,7.04,50.07,Upgrade
7,Other Operating Expenses,-1382,439.72,-408.5,-251.58,-559.6,-528.04,-397.64,-84.76,-319.31,-377.67,-159.7,-369,-425.73,-447.05,-170.07,-158.51,-383.28,-360.4,-200.12,-287.2,Upgrade
8,Operating Expenses,-289.82,1581,613.38,1089,635.47,615.35,641.55,1175,898.56,793.47,892.67,1071,579.35,617.13,689.82,1054,535.08,537.74,557.68,783.21,Upgrade
9,Operating Income,1573,72.7,637.43,321.29,745.15,860.54,897.38,-179.72,801.05,862.14,852.74,402.08,744.88,892.2,623.44,323.36,751.95,946.44,233.59,151.51,Upgrade
10,Interest Expense,-100.44,-103.92,-106.93,-117.35,-149.42,-121.5,-131.12,-141.08,-120.99,-111.65,-106.33,-96,-124.83,-102.42,-93.43,-104.6,-96.57,-118.56,-137.17,-139.66,Upgrade
11,Interest & Investment Income,513.57,1019,44.64,721.81,654.88,1166,61.28,698.5,655.24,1372,34.4,793.81,631.4,1192,28.62,580.7,476.8,445.84,217.48,612.3,Upgrade
12,Earnings From Equity Investments,-,-478.27,478.27,-,-,-482.83,482.83,-,-,-545.4,545.4,-,-,-476.99,476.99,-,-,-,-,-,Upgrade
13,Currency Exchange Gain (Loss),-17.17,17.17,-,18.39,-81.58,81.58,-,378.95,-201.29,201.29,-,-107.02,36.57,-36.57,-,-295.49,12.09,-12.09,-,65.72,Upgrade
14,Other Non Operating Income (Expenses),38.38,-4.15,-19.68,-66.85,18.01,90.41,-75.17,-409.6,387.36,47.23,-60.55,36.1,-171.54,0.2,2.12,99.68,-84.03,-5.79,0.35,-227.51,Upgrade
15,EBT Excluding Unusual Items,2007,522.68,1034,877.28,1187,1594,1235,347.05,1521,1826,1266,1029,1116,1469,1038,603.64,1060,1256,314.25,462.36,Upgrade
16,Impairment of Goodwill,-,-,-,-326.55,-,-,-,-,-,-,-,-79.62,-,-,-,-53.6,-,-,-,-,Upgrade
17,Gain (Loss) on Sale of Investments,51.1,2.19,-14.95,316.66,-22.48,-19.04,-8.25,-11.41,-15.71,-17.87,-59.95,-120.28,-82.65,168.07,0.08,-30.6,-0.04,-,-,0,Upgrade
18,Gain (Loss) on Sale of Assets,29.29,12.92,-0.85,38.61,85.66,61.45,0.54,186.85,2.52,4.97,1.57,9.68,62.28,41.6,3.42,14.3,6.83,5.77,8.12,39.77,Upgrade
19,Asset Writedown,0.44,-0.44,0.01,4.04,-5.75,5.27,0.01,-114.27,-0.39,0.46,-0.06,-130.7,-10.02,1.92,-,2.06,-1.69,1.12,0.06,1.08,Upgrade
20,Legal Settlements,-,-,-,-18.74,-,-,-,-15.98,22.97,-22.97,-,-85.23,23.26,-23.26,-,20.66,22.32,-22.32,-,-90.86,Upgrade
21,Other Unusual Items,-942.48,942.48,-,495.02,14.4,-14.4,-,323.05,-4.45,4.45,-,302.07,-4.72,4.72,-,328.71,-1.65,1.65,-,294.34,Upgrade
22,Pretax Income,1145,1480,1018,1386,1259,1627,1227,715.29,1526,1795,1207,924.87,1105,1662,1041,885.16,1086,1242,322.43,706.69,Upgrade
23,Income Tax Expense,192.06,237.97,175.63,231.64,285.77,312.07,228.08,210.98,203.31,344.16,209.09,224.32,124.88,272.79,177.57,171.94,178.75,211.65,100.81,-5.86,Upgrade
24,Earnings From Continuing Operations,953.38,1242,842.3,1155,973.08,1315,999.42,504.31,1323,1451,998.14,700.56,979.76,1389,863.68,713.22,907.26,1030,221.62,712.55,Upgrade
25,Net Income to Company,953.38,1242,842.3,1155,973.08,1315,999.42,504.31,1323,1451,998.14,700.56,979.76,1389,863.68,713.22,907.26,1030,221.62,712.55,Upgrade
26,Minority Interest in Earnings,-73.21,-99.53,-39.56,-96.59,-5.31,-85.71,-43.23,-1.91,-74.45,-104.86,-15.53,-66.43,-62.93,-61.14,-28.82,-40.6,-40.81,-57.29,20.61,-25.72,Upgrade
27,Net Income,880.17,1142,802.73,1058,967.76,1230,956.19,502.39,1249,1346,982.61,634.12,916.83,1328,834.87,672.62,866.45,973.12,242.23,686.83,Upgrade
28,Net Income to Common,880.17,1142,802.73,1058,967.76,1230,956.19,502.39,1249,1346,982.61,634.12,916.83,1328,834.87,672.62,866.45,973.12,242.23,686.83,Upgrade
29,Net Income Growth,-9.05%,-7.11%,-16.05%,110.61%,-22.49%,-8.62%,-2.69%,-20.77%,36.18%,1.35%,17.70%,-5.72%,5.81%,36.44%,244.66%,-2.07%,44.45%,3.99%,-58.36%,-10.35%,Upgrade
30,Shares Outstanding (Basic),7268,7223,7291,6914,7505,7159,7333,7201,7412,7391,7399,7608,7194,7212,7590,7401,7400,7394,7408,7399,Upgrade
31,Shares Outstanding (Diluted),7280,7257,7291,6914,7505,7159,7333,7201,7412,7391,7399,7608,7194,7212,7590,7401,7400,7394,7408,7399,Upgrade
32,Shares Change (YoY),-3.01%,1.37%,-0.57%,-3.98%,1.26%,-3.14%,-0.90%,-5.34%,3.03%,2.48%,-2.51%,2.79%,-2.79%,-2.46%,2.46%,0.02%,-1.30%,4.45%,1.88%,25.62%,Upgrade
33,EPS (Basic),0.12,0.16,0.11,0.15,0.13,0.17,0.13,0.07,0.17,0.18,0.13,0.08,0.13,0.18,0.11,0.09,0.12,0.13,0.03,0.09,Upgrade
34,EPS (Diluted),0.12,0.16,0.11,0.15,0.13,0.17,0.13,0.07,0.17,0.18,0.13,0.08,0.13,0.18,0.11,0.09,0.12,0.13,0.03,0.09,Upgrade
35,EPS Growth,-6.21%,-8.36%,-15.57%,118.70%,-23.47%,-5.64%,-1.81%,-14.57%,32.17%,-1.12%,20.73%,-7.97%,8.85%,39.89%,236.39%,0.64%,46.35%,-0.46%,-59.13%,-32.23%,Upgrade
36,Free Cash Flow,1644,672.43,-3027,2962,-469.95,217.66,-489.72,2663,1070,1793,-1841,1932,1064,2222,-2500,2223,134.89,1010,-1224,2625,Upgrade
37,Free Cash Flow Per Share,0.23,0.09,-0.42,0.43,-0.06,0.03,-0.07,0.37,0.14,0.24,-0.25,0.25,0.15,0.31,-0.33,0.30,0.02,0.14,-0.17,0.35,Upgrade
38,Dividend Per Share,-,0.145,-,0.145,-,0.145,-,0.100,-,0.100,-,0.180,-,-,-,0.120,-,-,-,0.120,Upgrade
39,Dividend Growth,-,0%,-,45.00%,-,45.00%,-,-44.44%,-,-,-,50.00%,-,-,-,0%,-,-,-,-7.69%,Upgrade
40,Gross Margin,4.35%,5.15%,5.15%,4.87%,5.59%,5.76%,6.85%,3.48%,6.66%,6.48%,5.89%,5.55%,3.66%,4.61%,4.54%,6.19%,5.69%,6.37%,4.83%,4.29%,Upgrade
41,Operating Margin,5.33%,0.23%,2.62%,1.11%,3.01%,3.36%,3.99%,-0.63%,3.14%,3.37%,2.88%,1.52%,2.06%,2.72%,2.16%,1.45%,3.33%,4.06%,1.43%,0.69%,Upgrade
42,Profit Margin,2.98%,3.56%,3.31%,3.66%,3.92%,4.80%,4.26%,1.76%,4.89%,5.27%,3.31%,2.39%,2.54%,4.05%,2.89%,3.02%,3.83%,4.17%,1.48%,3.15%,Upgrade
43,Free Cash Flow Margin,5.57%,2.10%,-12.46%,10.24%,-1.90%,0.85%,-2.18%,9.32%,4.19%,7.02%,-6.21%,7.28%,2.94%,6.78%,-8.65%,10.00%,0.60%,4.33%,-7.47%,12.04%,Upgrade
44,EBITDA,1935,449,999.59,683.45,1123,1244,1276,198.6,1141,1219,1193,741.87,1078,1229,957.04,656.95,1044,1439,526.03,443.95,Upgrade
45,EBITDA Margin,6.56%,1.40%,4.12%,2.36%,4.55%,4.85%,5.68%,0.69%,4.47%,4.77%,4.02%,2.80%,2.98%,3.75%,3.31%,2.95%,4.62%,6.17%,3.21%,2.04%,Upgrade
46,D&A For EBITDA,362.16,376.3,362.16,362.16,378.32,383.64,378.32,378.32,339.78,357.06,339.78,339.78,333.59,336.5,333.59,333.59,292.44,492.6,292.44,292.44,Upgrade
47,EBIT,1573,72.7,637.43,321.29,745.15,860.54,897.38,-179.72,801.05,862.14,852.74,402.08,744.88,892.2,623.44,323.36,751.95,946.44,233.59,151.51,Upgrade
48,EBIT Margin,5.33%,0.23%,2.62%,1.11%,3.01%,3.36%,3.99%,-0.63%,3.14%,3.37%,2.88%,1.52%,2.06%,2.72%,2.16%,1.45%,3.33%,4.06%,1.43%,0.69%,Upgrade
49,Effective Tax Rate,16.77%,16.08%,17.25%,16.71%,22.70%,19.17%,18.58%,29.50%,13.32%,19.18%,17.32%,24.25%,11.31%,16.42%,17.05%,19.42%,16.46%,17.04%,31.27%,-,Upgrade
50,Revenue as Reported,29505,32081,24287,28932,24717,25630,22469,28572,25529,25550,29641,26532,36139,32775,28902,22242,22601,23311,16383,21801,Upgrade
