,Fiscal Quarter,Q3 2024,Q2 2024,Q1 2024,Q4 2023,Q3 2023,Q2 2023,Q1 2023,Q4 2022,Q3 2022,Q2 2022,Q1 2022,Q4 2021,Q3 2021,Q2 2021,Q1 2021
,Period Ending,"Sep '24 Sep 30, 2024","Jun '24 Jun 30, 2024","Mar '24 Mar 31, 2024","Dec '23 Dec 31, 2023","Sep '23 Sep 30, 2023","Jun '23 Jun 30, 2023","Mar '23 Mar 31, 2023","Jan '23 Jan 1, 2023","Sep '22 Sep 30, 2022","Jun '22 Jun 30, 2022","Mar '22 Mar 31, 2022","Jan '22 Jan 1, 2022","Sep '21 Sep 30, 2021","Jun '21 Jun 30, 2021","Mar '21 Mar 31, 2021"
0,Revenue,38.57,50.18,24.36,28.8,19.39,68.91,60.8,135.98,148.41,119.51,71.91,259.36,77.89,110.36,74.15
1,Revenue Growth (YoY),98.88%,-27.18%,-59.94%,-78.82%,-86.93%,-42.34%,-15.45%,-47.57%,90.55%,8.29%,-3.02%,-,-,-,-
2,Cost of Revenue,26.04,29.12,19.15,25.4,17.01,50.62,41.98,70.95,105.44,76.76,47.68,177.51,60.28,79.42,56.44
3,Gross Profit,12.53,21.06,5.21,3.4,2.39,18.29,18.82,65.03,42.97,42.74,24.23,81.84,17.61,30.94,17.71
4,"Selling, General & Admin",15.07,10.17,8.41,14.13,8.05,8.97,8.75,11.41,10.07,13.08,7.32,14.6,7.74,7.87,6.53
5,Research & Development,3.35,3.22,2.68,4.26,4.14,5.41,3.43,6.1,3.18,5.33,2.87,8.92,4.38,4.42,2.18
6,Other Operating Expenses,0.35,0.33,0.22,0.15,-1.25,0.44,0.27,1.11,0.1,0.09,0.19,2.99,-0.39,-1.7,0.23
7,Operating Expenses,29.63,47.7,11.9,29.92,15.82,30.81,6.2,37.98,11.99,33.17,7.09,40.22,9.85,18.62,4.82
8,Operating Income,-17.1,-26.64,-6.69,-26.52,-13.43,-12.53,12.62,27.06,30.98,9.58,17.14,41.63,7.76,12.32,12.89
9,Interest Expense,-2.08,-3.57,-0.88,-1.18,-1.12,-1.2,-1.2,-1.34,-1.26,-1.08,-1.02,-1.01,-0.94,-0.77,-
10,Interest & Investment Income,2.91,2.68,2.87,2.9,2.61,2.44,2.45,4.59,1.1,0.61,0.27,0.73,0.06,-,0.87
11,Other Non Operating Income (Expenses),1.85,-1.98,-0.01,0.54,-0.05,-0.36,-0.06,-2.06,1.07,-1.13,-0.31,-5.21,1.45,3.34,0.08
12,EBT Excluding Unusual Items,-14.42,-29.51,-4.71,-24.26,-11.99,-11.65,13.82,28.25,31.89,7.97,16.09,36.14,8.33,14.89,13.84
13,Impairment of Goodwill,-,-,-,-1.79,-,-,-,-,-,-,-,-,-,-,-
14,Gain (Loss) on Sale of Investments,0.16,0.29,0.41,0.37,0.11,0.08,0.08,-1.9,2.13,-,-,-,-,-,-
15,Gain (Loss) on Sale of Assets,1.07,-,-,-,-,0.03,-,-,-,-,-,-,-,-,-
16,Asset Writedown,7.13,0.23,-0.23,-5.07,5.07,1.47,-1.82,6.63,-6.88,3.1,-3.1,-0.78,0.78,-,-
17,Legal Settlements,-,-,-,-,-0.05,0.05,-,-,-,-,-,-,-,-,-
18,Other Unusual Items,-1.28,-0.11,0.01,1.87,-,-,-,0.21,-,-,-,7.74,-,-1.52,1.52
19,Pretax Income,-7.35,-29.11,-4.52,-28.88,-6.86,-10.03,12.08,33.19,27.14,11.07,12.99,43.1,9.11,13.37,15.36
20,Income Tax Expense,-0.91,-5.72,-0.65,-4.61,-0.79,-2.1,1.42,4.23,3.57,0.93,1.49,5.36,0.85,1.53,2.17
21,Earnings From Continuing Operations,-6.44,-23.39,-3.87,-24.26,-6.07,-7.92,10.66,28.96,23.57,10.14,11.5,37.74,8.26,11.84,13.19
22,Minority Interest in Earnings,0.09,0.15,-0.07,-0.36,0.15,0.29,-0.05,0.09,-0.04,-0.13,-0.13,-0.19,-0.11,-0.08,0
23,Net Income,-6.36,-23.24,-3.94,-24.62,-5.91,-7.63,10.61,29.05,23.53,10.01,11.37,37.56,8.14,11.76,13.19
24,Net Income to Common,-6.36,-23.24,-3.94,-24.62,-5.91,-7.63,10.61,29.05,23.53,10.01,11.37,37.56,8.14,11.76,13.19
25,Net Income Growth,-,-,-,-,-,-,-6.70%,-22.66%,188.96%,-14.87%,-13.77%,-,-,-,-
26,Shares Outstanding (Basic),156,156,156,157,125,127,156,156,156,143,117,117,117,117,117
27,Shares Outstanding (Diluted),156,156,156,157,125,127,156,156,156,143,117,117,117,117,117
28,Shares Change (YoY),25.19%,23.03%,0.15%,0.83%,-20.20%,-11.44%,33.37%,32.95%,33.37%,22.18%,0.00%,-,-,-,-
29,EPS (Basic),-0.04,-0.15,-0.03,-0.16,-0.05,-0.06,0.07,0.19,0.15,0.07,0.10,0.32,0.07,0.10,0.11
30,EPS (Diluted),-0.04,-0.15,-0.03,-0.16,-0.05,-0.06,0.07,0.19,0.15,0.07,0.10,0.32,0.07,0.10,0.11
31,EPS Growth,-,-,-,-,-,-,-30.04%,-41.83%,116.67%,-28.41%,-13.77%,-,-,-,-
32,Free Cash Flow,4.62,-48.16,-41.24,61.91,-6.46,-29.27,-26.42,20.23,-44.99,-29.18,-114.87,20.48,7.14,2.36,-66.14
33,Free Cash Flow Per Share,0.03,-0.31,-0.26,0.39,-0.05,-0.23,-0.17,0.13,-0.29,-0.20,-0.98,0.18,0.06,0.02,-0.57
34,Dividend Per Share,-,-,-,-,-,-,-,0.023,-,0.231,-,-,-,-,-
35,Gross Margin,32.48%,41.97%,21.39%,11.80%,12.31%,26.54%,30.95%,47.82%,28.96%,35.77%,33.69%,31.56%,22.61%,28.04%,23.89%
36,Operating Margin,-44.34%,-53.09%,-27.45%,-92.09%,-69.27%,-18.18%,20.76%,19.90%,20.87%,8.01%,23.84%,16.05%,9.97%,11.16%,17.38%
37,Profit Margin,-16.48%,-46.31%,-16.17%,-85.50%,-30.49%,-11.07%,17.45%,21.36%,15.86%,8.37%,15.82%,14.48%,10.46%,10.65%,17.79%
38,Free Cash Flow Margin,11.98%,-95.96%,-169.31%,214.99%,-33.31%,-42.48%,-43.45%,14.88%,-30.32%,-24.42%,-159.74%,7.90%,9.17%,2.13%,-89.20%
39,EBITDA,-16.17,-25.61,-5.75,-25.58,-12.82,-11.7,13.24,27.67,31.28,9.96,24,41.93,8.12,12.67,13.17
40,EBITDA Margin,-41.92%,-51.03%,-23.61%,-88.84%,-66.08%,-16.98%,21.78%,20.35%,21.07%,8.33%,33.37%,16.17%,10.42%,11.48%,17.76%
41,D&A For EBITDA,0.94,1.03,0.94,0.94,0.62,0.82,0.62,0.62,0.3,0.38,6.86,0.3,0.35,0.35,0.28
42,EBIT,-17.1,-26.64,-6.69,-26.52,-13.43,-12.53,12.62,27.06,30.98,9.58,17.14,41.63,7.76,12.32,12.89
43,EBIT Margin,-44.34%,-53.09%,-27.45%,-92.09%,-69.27%,-18.18%,20.76%,19.90%,20.87%,8.01%,23.84%,16.05%,9.97%,11.16%,17.38%
44,Effective Tax Rate,-,-,-,-,-,-,11.74%,12.76%,13.16%,8.38%,11.48%,12.43%,9.36%,11.43%,14.12%
45,Revenue as Reported,38.57,50.18,24.36,28.8,19.39,68.91,60.8,135.98,148.41,119.51,71.91,259.36,77.89,110.36,74.15
