,Fiscal Quarter,Q4 2024,Q3 2024,Q2 2024,Q1 2024,Q4 2023,Q3 2023,Q2 2023,Q1 2023,Q4 2022,Q3 2022,Q2 2022,Q1 2022,Q4 2021,Q3 2021,Q2 2021,Q1 2021,Q4 2020,Q3 2020,Q2 2020,Q1 2020
,Period Ending,"Dec '24 Dec 31, 2024","Sep '24 Sep 30, 2024","Jun '24 Jun 30, 2024","Mar '24 Mar 31, 2024","Dec '23 Dec 31, 2023","Sep '23 Sep 30, 2023","Jun '23 Jun 30, 2023","Mar '23 Mar 31, 2023","Dec '22 Dec 31, 2022","Sep '22 Sep 30, 2022","Jun '22 Jun 30, 2022","Mar '22 Mar 31, 2022","Dec '21 Dec 31, 2021","Sep '21 Sep 30, 2021","Jun '21 Jun 30, 2021","Mar '21 Mar 31, 2021","Dec '20 Dec 31, 2020","Sep '20 Sep 30, 2020","Jun '20 Jun 30, 2020","Mar '20 Mar 31, 2020"
0,Operating Revenue,469.69,335.09,425.69,288.15,352.94,310.42,334.75,278.59,343.3,284.54,296.58,254.92,352.38,272.75,243.99,207.19,222.56,233.61,244.14,141.66
1,Other Revenue,-,-7.6,7.6,-,-,-4.3,4.3,-,7.95,-3.32,3.32,-,7.2,-3.34,3.34,-,8.35,-2.7,2.7,-
2,Revenue,469.69,327.49,433.29,288.15,352.94,306.12,339.05,278.59,351.25,281.22,299.9,254.92,359.57,269.41,247.33,207.19,230.9,230.91,246.84,141.66
3,Revenue Growth (YoY),33.08%,6.98%,27.79%,3.43%,0.48%,8.85%,13.06%,9.28%,-2.31%,4.38%,21.25%,23.03%,55.72%,16.67%,0.20%,46.27%,-,-,-,-
4,Operations & Maintenance,-,-,-,-,-,-,-,-,-,-,-,-,-,-,-,-,-,-0.18,0.18,-
5,"Selling, General & Admin",67.61,52.99,52.48,56.52,59.33,52.13,44.91,44.23,42.53,37.08,39.9,34.17,36.44,33.35,30.67,29.46,24.87,23.89,25.02,22.47
6,Provision for Bad Debts,-34.52,20.07,14.74,-0.29,-28.81,5.59,14.15,9.07,0.23,5.07,4.71,5.74,6.32,4.88,5.1,0.81,3.7,3.44,4.46,2.29
7,Other Operating Expenses,190.59,172.68,249.63,174.16,177.94,169.27,167.14,162.96,223.81,158.77,161.69,139.25,214.07,150.76,135.09,112.67,113.91,112.97,132.9,80.38
8,Total Operating Expenses,224.25,246.28,317.59,230.81,209.34,228.32,227.44,217.23,267.88,202.73,207.07,180.07,258.98,189.91,172.13,143.66,143.63,141.47,163.1,105.76
9,Operating Income,245.43,81.21,115.7,57.34,143.59,77.8,111.61,61.36,83.37,78.49,92.83,74.85,100.59,79.5,75.2,63.53,87.28,89.45,83.75,35.9
10,Interest Expense,74.49,-26.27,-23.62,-24.61,75.59,-24.68,-25.15,-25.75,-22.53,-28,-31.32,-27.93,-26.29,-25.18,-23.18,-22.08,-20.93,-23.29,-21.49,-18.45
11,Interest Income,-5.05,3.38,8.68,2.96,-14.84,12.35,15.85,2.82,20.19,20.86,5.66,3.36,13.76,2.84,3.81,1.07,3.45,2.29,1.08,0.07
12,Net Interest Expense,69.44,-22.89,-14.93,-21.65,60.75,-12.33,-9.3,-22.93,-2.35,-7.14,-25.66,-24.56,-12.54,-22.33,-19.37,-21.02,-17.48,-20.99,-20.41,-18.38
13,Other Non-Operating Income (Expenses),-129.44,0.63,-1.47,-0.45,-121.92,-1.32,-0.51,-0.06,-0.26,-1.39,-0.6,0.14,-6.78,1.87,1.21,-0.23,7.75,-5.33,-3.67,-5.06
14,EBT Excluding Unusual Items,185.43,58.95,99.3,35.23,82.42,64.14,101.8,38.37,80.77,69.97,66.57,50.43,81.28,59.04,57.04,42.29,77.55,63.12,59.67,12.46
15,Gain (Loss) on Sale of Assets,-0.01,-0.26,-0.01,-0.02,-0,-0,0.06,-0,0.05,-0,0,0,0.04,0.03,3.37,-0.02,-0.01,-,0.01,-
16,Asset Writedown,0.17,-0.52,-0.05,0.05,-0.17,-0.12,0.02,0,-1.5,0.01,0.01,-0.07,-0.37,0.2,-0.09,-0.01,-3.29,2.75,-2.75,-
17,Legal Settlements,-,-,-,-,-,-,-,-,-23.34,-,-,-,-,-,-,-,-,-,-,-
18,Other Unusual Items,1.05,-1.38,0.15,0.19,-,-,-,-,12.47,-,-,-,19.28,-0.23,0.23,-,2.92,-,-,-
19,Pretax Income,186.65,56.8,99.39,35.45,82.25,64.02,101.88,38.37,68.45,69.97,66.59,50.36,100.24,59.04,60.55,42.25,77.18,65.87,56.93,12.46
20,Income Tax Expense,16.43,12.77,13.39,5.44,16.3,11.99,14.63,6.83,15.8,8.1,7.71,8.58,12.14,8.04,16.96,6.64,7.82,11.07,10.26,3.09
21,Earnings From Continuing Ops.,170.21,44.03,86,30.01,65.95,52.03,87.25,31.54,52.66,61.87,58.88,41.78,88.1,51,43.59,35.61,69.36,54.8,46.67,9.37
22,Minority Interest in Earnings,-9.97,-2.8,-11.74,-0.91,2.08,0.99,1.32,0.82,-0.36,-0.75,-0.61,-0.26,-1.52,-0.8,-0.94,-1.29,-1.53,-1.09,-1.92,-0.87
23,Net Income,160.24,41.22,74.26,29.1,68.03,53.03,88.57,32.36,52.3,61.11,58.27,41.52,86.58,50.2,42.65,34.32,67.82,53.71,44.75,8.5
24,Net Income to Common,160.24,41.22,74.26,29.1,68.03,53.03,88.57,32.36,52.3,61.11,58.27,41.52,86.58,50.2,42.65,34.32,67.82,53.71,44.75,8.5
25,Net Income Growth,135.55%,-22.26%,-16.16%,-10.07%,30.08%,-13.23%,52.01%,-22.07%,-39.60%,21.74%,36.62%,20.97%,27.65%,-6.53%,-4.69%,303.73%,-,-,-,-
26,Shares Outstanding (Basic),448,460,455,485,488,443,468,462,475,472,434,473,450,470,475,338,347,347,338,347
27,Shares Outstanding (Diluted),448,460,455,485,488,443,468,462,475,472,434,473,450,470,475,338,347,347,338,347
28,Shares Change (YoY),-8.16%,3.71%,-2.85%,4.92%,2.81%,-6.12%,7.76%,-2.25%,5.43%,0.51%,-8.61%,39.71%,29.74%,35.30%,40.44%,-2.45%,-,-,-,-
29,EPS (Basic),0.36,0.09,0.16,0.06,0.14,0.12,0.19,0.07,0.11,0.13,0.13,0.09,0.19,0.11,0.09,0.10,0.20,0.15,0.13,0.02
30,EPS (Diluted),0.36,0.09,0.16,0.06,0.14,0.12,0.19,0.07,0.11,0.13,0.13,0.09,0.19,0.11,0.09,0.10,0.20,0.15,0.13,0.02
31,EPS Growth,156.49%,-25.04%,-13.70%,-14.29%,26.53%,-7.58%,41.06%,-20.27%,-42.71%,21.13%,49.49%,-13.41%,-1.61%,-30.92%,-32.14%,313.88%,-,-,-,-
32,Free Cash Flow,137.29,26.96,74.34,-151.32,56.87,-39.46,-16.87,-59.05,123.56,-15.2,64.79,-62.5,-13.75,-30.38,-61.35,-112.47,25.46,98.58,-158.43,-19.88
33,Free Cash Flow Per Share,0.31,0.06,0.16,-0.31,0.12,-0.09,-0.04,-0.13,0.26,-0.03,0.15,-0.13,-0.03,-0.06,-0.13,-0.33,0.07,0.28,-0.47,-0.06
34,Dividend Per Share,-,-,-,-,-,-,-,-,-,-,-,-,0.139,-,-,-,0.114,-,-,-
35,Dividend Growth,-,-,-,-,-,-,-,-,-,-,-,-,21.89%,-,-,-,-,-,-,-
36,Profit Margin,34.12%,12.59%,17.14%,10.10%,19.28%,17.32%,26.12%,11.61%,14.89%,21.73%,19.43%,16.29%,24.08%,18.63%,17.24%,16.57%,29.37%,23.26%,18.13%,6.00%
37,Free Cash Flow Margin,29.23%,8.23%,17.16%,-52.51%,16.11%,-12.89%,-4.98%,-21.20%,35.18%,-5.41%,21.61%,-24.52%,-3.82%,-11.27%,-24.80%,-54.28%,11.03%,42.69%,-64.18%,-14.04%
38,EBITDA,306.21,135.23,173.04,111.36,197.82,126.11,162.6,109.66,131.68,119.61,140.6,115.96,141.71,105.78,116.93,89.81,113.55,112.79,108.18,59.24
39,EBITDA Margin,65.19%,41.29%,39.94%,38.65%,56.05%,41.20%,47.96%,39.36%,37.49%,42.53%,46.88%,45.49%,39.41%,39.26%,47.28%,43.35%,49.18%,48.85%,43.82%,41.82%
40,D&A For EBITDA,60.77,54.02,57.34,54.02,54.22,48.31,50.99,48.31,48.31,41.11,47.77,41.11,41.11,26.28,41.72,26.28,26.28,23.34,24.43,23.34
41,EBIT,245.43,81.21,115.7,57.34,143.59,77.8,111.61,61.36,83.37,78.49,92.83,74.85,100.59,79.5,75.2,63.53,87.28,89.45,83.75,35.9
42,EBIT Margin,52.25%,24.80%,26.70%,19.90%,40.69%,25.42%,32.92%,22.02%,23.74%,27.91%,30.95%,29.36%,27.98%,29.51%,30.41%,30.66%,37.80%,38.74%,33.93%,25.34%
43,Effective Tax Rate,8.81%,22.48%,13.47%,15.34%,19.82%,18.73%,14.36%,17.80%,23.08%,11.58%,11.58%,17.03%,12.11%,13.62%,28.02%,15.72%,10.13%,16.80%,18.02%,24.78%
44,Revenue as Reported,-,327.49,433.29,288.15,-,306.12,339.05,278.59,351.25,281.22,299.9,254.92,359.57,269.41,247.33,207.19,230.9,230.91,246.84,141.66
