,Fiscal Quarter,Q4 2024,Q3 2024,Q2 2024,Q1 2024,Q4 2023,Q3 2023,Q2 2023,Q1 2023,Q4 2022,Q3 2022,Q2 2022,Q1 2022,Q4 2021,Q3 2021,Q2 2021,Q1 2021,Q4 2020,Q3 2020,Q2 2020,Q1 2020
,Period Ending,"Dec '24 Dec 31, 2024","Sep '24 Sep 30, 2024","Jun '24 Jun 30, 2024","Mar '24 Mar 31, 2024","Dec '23 Dec 31, 2023","Sep '23 Sep 30, 2023","Jun '23 Jun 30, 2023","Mar '23 Mar 31, 2023","Dec '22 Dec 31, 2022","Sep '22 Sep 30, 2022","Jun '22 Jun 30, 2022","Mar '22 Mar 31, 2022","Dec '21 Dec 31, 2021","Sep '21 Sep 30, 2021","Jun '21 Jun 30, 2021","Mar '21 Mar 31, 2021","Dec '20 Dec 31, 2020","Sep '20 Sep 30, 2020","Jun '20 Jun 30, 2020","Mar '20 Mar 31, 2020"
0,Operating Revenue,1804,1889,1893,1684,1567,1592,1471,1260,1070,1164,1100,1127,1051,1212,1175,782.16,627.95,590.13,426.48,279.11
1,Other Revenue,19.49,22.47,24.02,19.67,13.51,15.14,16.79,17.49,12.64,14.1,12.48,10.56,40.1,-,-6.38,6.38,17.18,-,-,3.5
2,Revenue,1824,1912,1917,1704,1580,1607,1488,1278,1082,1179,1112,1138,1091,1212,1168,788.54,645.13,590.13,426.48,282.61
3,Revenue Growth (YoY),15.40%,18.98%,28.85%,33.36%,46.01%,36.32%,33.74%,12.27%,-0.77%,-2.74%,-4.78%,44.30%,69.06%,105.34%,173.91%,179.02%,-,-,-,-
4,Cost of Revenue,313.72,314.03,316.53,295.44,274.85,267.53,270.32,247.16,202.4,200.89,174.23,177.35,149.79,154.83,143.17,106.86,79.25,68.89,54.22,37.85
5,Gross Profit,1510,1598,1600,1408,1305,1339,1217,1030,879.88,977.68,938.11,960.53,940.87,1057,1025,681.68,565.88,521.25,372.26,244.76
6,"Selling, General & Admin",702.18,808.7,806.38,849.74,658.24,676.77,674.58,793.42,929.66,553.01,559.87,678.06,492.64,539.76,694.78,700.25,946.68,350.65,425.04,422.17
7,Research & Development,440.36,464.15,443.73,467.57,430.16,414.43,365.91,333.07,294.06,290.23,307.69,290.74,198.93,209.32,249.96,163.77,151.96,139.59,117.01,104.8
8,Other Operating Expenses,-13.21,-5.49,-8.51,-12.59,-5.27,-13.08,1.78,-18.81,-3.35,-3.5,-5.73,-5.01,-4.03,-3.29,-5.34,-2.32,-1.75,-3.4,-2.33,-1.36
9,Operating Expenses,1129,1267,1242,1305,1083,1078,1042,1108,1220,839.74,861.83,963.79,687.55,745.79,939.4,861.7,1097,486.84,539.72,525.61
10,Operating Income,380.56,330.18,358.61,103.59,222.25,260.99,175.03,-77.3,-340.49,137.94,76.29,-3.26,253.32,311.14,85.61,-180.02,-531.01,34.41,-167.46,-280.85
11,Interest & Investment Income,156.46,158.95,153.81,156.06,163.41,164.68,151.28,127.39,117.36,67.87,28.31,12.95,11.93,9.9,7.87,4.77,4.91,1.24,0.26,5.83
12,Currency Exchange Gain (Loss),-0.13,-0.03,0.06,0.03,-1.2,-0.52,3.91,-1.1,-1.51,5.44,5.14,-0.44,-1.64,0.27,-1.05,0.46,-2.85,-1.1,-0,-1.12
13,Other Non Operating Income (Expenses),-1.93,36.95,-0.26,-0.26,-4,32.44,-1.11,5.64,7.72,28.22,-15.69,-8.85,-1.08,-5.07,-0.2,-1.4,-0.53,-0.75,-0.18,-2.69
14,EBT Excluding Unusual Items,534.97,526.05,512.22,259.42,380.46,457.59,329.1,54.64,-216.92,239.47,94.05,0.4,262.53,316.23,92.23,-176.18,-529.48,33.8,-167.38,-278.83
15,Other Unusual Items,-,-,-,-,-,-,-,-,-,-,-,-,-,-,-1506,-,-,-,-,-
16,Pretax Income,534.97,526.05,512.22,259.42,380.46,457.59,329.1,54.64,-216.92,239.47,94.05,0.4,262.53,316.23,-1414,-176.18,-529.48,33.8,-167.38,-278.83
17,Income Tax Expense,90.74,62.22,94.97,17.7,49.22,31.87,19.51,21.97,-32.12,27.75,1.56,12.57,29.46,30.07,-,-,-,-,-,-
18,Earnings From Continuing Operations,444.23,463.83,417.25,241.72,331.24,425.72,309.6,32.66,-184.79,211.72,92.49,-12.17,233.07,286.17,-1414,-176.18,-529.48,33.8,-167.38,-278.83
19,Minority Interest in Earnings,5.38,4.55,4.48,3.23,-0.01,-,-,-,-,-,-,-,-,-,-,-,-,-,-,-
20,Net Income,449.61,468.37,421.73,244.95,331.23,425.72,309.6,32.66,-184.79,211.72,92.49,-12.17,233.07,286.17,-1414,-176.18,-529.48,33.8,-167.38,-278.83
21,Preferred Dividends & Other Adjustments,-,-,-,-,-,-,-,-,-,-,-,-,-,-,71.8,92.26,90.16,63.81,65.22,64.79
22,Net Income to Common,449.61,468.37,421.73,244.95,331.23,425.72,309.6,32.66,-184.79,211.72,92.49,-12.17,233.07,286.17,-1486,-268.44,-619.64,-30,-232.6,-343.63
23,Net Income Growth,35.74%,10.02%,36.22%,649.93%,-,101.08%,234.72%,-,-,-26.02%,-,-,-,746.63%,-,-,-,-,-,-
24,Shares Outstanding (Basic),437,442,444,440,438,435,434,433,432,436,435,435,432,431,79,68,60,55,54,54
25,Shares Outstanding (Diluted),449,453,462,454,452,450,450,454,432,458,456,435,461,464,79,68,60,55,54,54
26,Shares Change (YoY),-0.55%,0.79%,2.66%,-0.01%,4.52%,-1.75%,-1.34%,4.34%,-6.32%,-1.25%,476.98%,538.24%,663.23%,749.69%,47.36%,26.98%,-,-,-,-
27,EPS (Basic),1.03,1.06,0.95,0.56,0.76,0.98,0.71,0.08,-0.43,0.49,0.21,-0.03,0.54,0.66,-18.79,-3.94,-10.25,-0.55,-4.34,-6.40
28,EPS (Diluted),1.00,1.04,0.92,0.54,0.74,0.94,0.68,0.08,-0.43,0.46,0.20,-0.03,0.51,0.62,-18.80,-3.94,-10.25,-0.55,-4.34,-6.40
29,EPS Growth,35.55%,10.64%,34.31%,615.85%,-,103.30%,241.22%,-,-,-25.42%,-,-,-,-,-,-,-,-,-,-
30,Free Cash Flow,956.11,812.29,109.49,905.54,-28.67,812.55,432.59,543.91,-184.58,366.55,186.94,294.01,275.02,269.93,589.83,165.34,314.16,237.13,-14.24,-303.06
31,Free Cash Flow Per Share,2.13,1.79,0.24,2.00,-0.06,1.81,0.96,1.20,-0.43,0.80,0.41,0.68,0.60,0.58,7.46,2.43,5.20,4.35,-0.27,-5.65
32,Gross Margin,82.80%,83.57%,83.49%,82.66%,82.61%,83.35%,81.83%,80.65%,81.30%,82.95%,84.34%,84.41%,86.27%,87.22%,87.74%,86.45%,87.72%,88.33%,87.29%,86.61%
33,Operating Margin,20.87%,17.27%,18.71%,6.08%,14.06%,16.24%,11.77%,-6.05%,-31.46%,11.70%,6.86%,-0.29%,23.23%,25.68%,7.33%,-22.83%,-82.31%,5.83%,-39.26%,-99.38%
34,Profit Margin,24.65%,24.50%,22.00%,14.38%,20.96%,26.50%,20.81%,2.56%,-17.07%,17.96%,8.32%,-1.07%,21.37%,23.62%,-127.20%,-34.04%,-96.05%,-5.08%,-54.54%,-121.59%
35,Free Cash Flow Margin,52.43%,42.49%,5.71%,53.15%,-1.81%,50.57%,29.08%,42.57%,-17.05%,31.10%,16.81%,25.84%,25.22%,22.28%,50.49%,20.97%,48.70%,40.18%,-3.34%,-107.24%
36,EBITDA,445.25,394.87,478,168.28,286.94,296.01,227.59,-42.28,-305.47,157.97,106.16,16.77,273.34,321.41,103.18,-162.93,-520.73,38.92,-162.44,-275.83
37,EBITDA Margin,24.42%,20.66%,24.94%,9.88%,18.16%,18.42%,15.30%,-3.31%,-28.22%,13.40%,9.54%,1.47%,25.06%,26.52%,8.83%,-20.66%,-80.72%,6.60%,-38.09%,-97.60%
38,D&A For EBITDA,64.69,64.69,119.4,64.69,64.69,35.02,52.56,35.02,35.02,20.03,29.87,20.03,20.03,10.27,17.57,17.09,10.27,4.52,5.02,5.02
39,EBIT,380.56,330.18,358.61,103.59,222.25,260.99,175.03,-77.3,-340.49,137.94,76.29,-3.26,253.32,311.14,85.61,-180.02,-531.01,34.41,-167.46,-280.85
40,EBIT Margin,20.87%,17.27%,18.71%,6.08%,14.06%,16.24%,11.77%,-6.05%,-31.46%,11.70%,6.86%,-0.29%,23.23%,25.68%,7.33%,-22.83%,-82.31%,5.83%,-39.26%,-99.38%
41,Effective Tax Rate,16.96%,11.83%,18.54%,6.82%,12.94%,6.97%,5.93%,40.22%,-,11.59%,1.65%,3173.74%,11.22%,9.51%,-,-,-,-,-,-
42,Revenue as Reported,1824,1912,1917,1704,1580,1607,1488,1278,1082,1179,1112,1138,1091,1212,1168,788.54,645.13,590.13,426.48,282.61
43,Advertising Expenses,-,-,-,-,-,-,-,-,-,-,-,-,-,-,-,-,-,-,-,276.82
