,Fiscal Quarter,Q3 2024,Q2 2024,Q1 2024,Q4 2023,Q3 2023,Q2 2023,Q1 2023,Q4 2022,Q3 2022,Q2 2022,Q1 2022,Q4 2021,Q3 2021,Q2 2021,Q1 2021,Q4 2020,Q3 2020,Q2 2020,Q1 2020,Q4 2017,+6 Quarters
,Period Ending,"Sep '24 Sep 30, 2024","Jun '24 Jun 30, 2024","Mar '24 Mar 31, 2024","Dec '23 Dec 31, 2023","Sep '23 Sep 30, 2023","Jun '23 Jun 30, 2023","Mar '23 Mar 31, 2023","Dec '22 Dec 31, 2022","Sep '22 Sep 30, 2022","Jun '22 Jun 30, 2022","Mar '22 Mar 31, 2022","Dec '21 Dec 31, 2021","Sep '21 Sep 30, 2021","Jun '21 Jun 30, 2021","Mar '21 Mar 31, 2021","Dec '20 Dec 31, 2020","Sep '20 Sep 30, 2020","Jun '20 Jun 30, 2020","Mar '20 Mar 31, 2020","Dec '17 Dec 31, 2017",+6 Quarters
0,Interest Income on Loans,1769,1816,1785,1745,1769,1798,1592,1642,1624,1561,1483,1497,1488,1446,1434,1440,1389,1328,1313,1208,Upgrade
1,Interest Paid on Deposits,1004,1059,1025,1004,1011,963.85,872.4,813.84,791.98,776.22,739.54,712.89,729.01,726.19,701.46,663.81,602.24,627.13,594.5,660.43,Upgrade
2,Net Interest Income,765.12,756.11,760.07,741.63,758.04,834.19,719.99,828.11,831.73,784.77,743.87,784.36,759.08,719.6,732.61,775.87,787.01,700.39,718.71,547.61,Upgrade
3,Net Interest Income Growth (YoY),0.93%,-9.36%,5.57%,-10.44%,-8.86%,6.30%,-3.21%,5.58%,9.57%,9.06%,1.54%,1.09%,-3.55%,2.74%,1.93%,41.68%,43.72%,43.50%,47.26%,-75.08%,Upgrade
4,Gain (Loss) on Sale of Assets,-,-,0.01,-,0.7,0.04,0.04,-,-,-,-,0.1,-,-,-,-0.01,0.22,0.01,-,2.76,Upgrade
5,Gain (Loss) on Sale of Investments,421.26,358.15,-,-172.29,208.73,56.64,-,-310.24,306.68,27.97,-,-148.1,241.43,5.85,-,-138.23,89.17,41.75,38.64,-22.49,Upgrade
6,Gain (Loss) on Sale of Equity Investments,-,-,-,53.96,-,-,-,6.75,-,-,-,-,-,-,-,-,-,-,-,-,Upgrade
7,Other Non-Interest Income,-83.33,50.37,294.36,136.48,-6.05,130.38,194.46,235.65,-182.22,90.4,102.11,203.02,-97.53,65.48,18.49,104.28,-113.65,-18.47,22.97,52.85,Upgrade
8,Total Non-Interest Income,337.94,408.52,294.37,18.15,203.39,187.05,194.5,-67.85,124.46,118.37,102.11,55.02,143.9,71.33,18.49,-33.96,-24.26,23.29,61.61,33.13,Upgrade
9,Non-Interest Income Growth (YoY),66.15%,118.40%,51.35%,-,63.41%,58.02%,90.47%,-,-13.51%,65.95%,452.35%,-,-,206.26%,-69.99%,-,-,-42.02%,53.37%,-,Upgrade
10,Revenues Before Loan Losses,1103,1165,1054,759.78,961.43,1021,914.49,760.27,956.2,903.14,845.99,839.37,902.98,790.93,751.09,741.91,762.75,723.68,780.32,580.73,Upgrade
11,Provision for Loan Losses,254.98,479.95,350.89,110.63,162.81,305.58,265.81,43.04,197.99,264.93,316,56.09,293.08,253,251.93,42.05,199.96,285.63,276.72,96.1,Upgrade
12,Revenue,848.07,684.68,703.55,649.15,798.62,715.67,648.68,717.23,758.21,638.21,529.99,783.28,609.9,537.93,499.17,699.86,562.79,438.05,503.6,484.63,Upgrade
13,Revenue Growth (YoY),6.19%,-4.33%,8.46%,-9.49%,5.33%,12.14%,22.40%,-8.43%,24.32%,18.64%,6.17%,11.92%,8.37%,22.80%,-0.88%,44.41%,16.13%,1.26%,16.42%,-15.91%,Upgrade
14,"Selling, General & Administrative",304.24,270.5,321.14,431.44,285.62,292.01,310.33,420.25,245.53,252.84,254.67,385.53,217.53,217.06,246.18,344.41,201.35,189.39,252.27,217.66,Upgrade
15,Other Non-Interest Expense,5.09,3.97,2.06,14.11,8.33,11.55,5.17,11.44,8.09,10.01,1.34,15.87,1.13,4.35,2.94,13.85,3.18,2.87,3.16,4.7,Upgrade
16,Total Non-Interest Expense,232.29,274.47,323.2,500.68,254.97,293.32,309.59,442.53,248.42,262.55,250.66,411.28,217.45,217.73,244.14,369.58,197.72,187.75,255.43,222.46,Upgrade
17,EBT Excluding Unusual Items,615.78,410.21,380.35,148.47,543.65,422.35,339.1,274.7,509.79,375.66,279.33,372.01,392.45,320.2,255.03,330.27,365.07,250.29,248.17,262.17,Upgrade
18,Other Unusual Items,-29.14,24.13,5.01,337.08,-,-,-,178.47,-,-,-,30.29,-,-,-,3.86,-,1.45,-1.45,2.71,Upgrade
19,Pretax Income,586.64,434.34,385.35,485.56,543.65,422.35,339.1,453.17,509.79,375.66,279.33,402.29,392.45,320.2,255.03,334.13,365.07,251.74,246.73,264.88,Upgrade
20,Income Tax Expense,-19.75,-18.98,-16.01,10.31,10.07,33.19,-11.52,-6.24,51.86,43.77,-22.9,2.76,24.9,46.82,0.55,6.27,36.97,23.99,10.83,44.5,Upgrade
21,Earnings From Continuing Operations,606.39,453.32,401.36,475.25,533.58,389.16,350.61,459.41,457.94,331.89,302.23,399.53,367.55,273.38,254.48,327.86,328.1,227.76,235.9,220.38,Upgrade
22,Minority Interest in Earnings,-7.33,-8.45,-3.67,-6.44,-5.59,-5.58,-3.87,-8.13,-6.65,-5.11,-3.72,-15.88,0.68,-5.4,-3.21,-7.41,-4.58,-1.62,-1.48,-4.96,Upgrade
23,Net Income,599.06,444.87,397.69,468.8,527.98,383.59,346.75,451.28,451.29,326.78,298.51,383.65,368.23,267.99,251.27,320.45,323.53,226.14,234.41,215.42,Upgrade
24,Net Income to Common,599.06,444.87,397.69,468.8,527.98,383.59,346.75,451.28,451.29,326.78,298.51,383.65,368.23,267.99,251.27,320.45,323.53,226.14,234.41,215.42,Upgrade
25,Net Income Growth,13.46%,15.98%,14.69%,3.88%,16.99%,17.38%,16.16%,17.63%,22.56%,21.94%,18.80%,19.72%,13.82%,18.50%,7.19%,48.75%,50.18%,21.68%,26.13%,5.02%,Upgrade
26,Basic Shares Outstanding,2000,1936,1988,1950,1974,1998,1926,1976,1948,1983,1941,1962,1962,1718,1814,1792,1740,1766,1766,1742,Upgrade
27,Diluted Shares Outstanding,2000,1936,1988,1950,1974,1998,1926,1976,1948,1983,1941,1962,1962,1718,1814,1792,1740,1766,1766,1742,Upgrade
28,Shares Change (YoY),1.32%,-3.11%,3.22%,-1.32%,1.34%,0.73%,-0.75%,0.73%,-0.73%,15.47%,6.98%,9.49%,12.78%,-2.73%,2.73%,2.85%,-0.14%,-1.32%,-1.32%,-1.34%,Upgrade
29,EPS (Basic),0.30,0.23,0.20,0.24,0.27,0.19,0.18,0.23,0.23,0.16,0.15,0.20,0.19,0.16,0.14,0.18,0.19,0.13,0.13,0.12,Upgrade
30,EPS (Diluted),0.30,0.23,0.20,0.24,0.27,0.19,0.18,0.23,0.23,0.16,0.15,0.20,0.19,0.15,0.14,0.18,0.19,0.13,0.13,0.12,Upgrade
31,EPS Growth,11.76%,21.06%,11.11%,5.18%,16.12%,15.21%,17.04%,16.78%,22.75%,6.82%,11.05%,10.79%,1.31%,20.44%,5.89%,43.13%,50.22%,23.31%,25.95%,7.29%,Upgrade
32,Dividend Per Share,-,-,-,0.180,-,-,-,0.115,-,-,-,0.139,-,-,-,-,-,-,-,0.092,Upgrade
33,Dividend Growth,-,-,-,55.98%,-,-,-,-16.68%,-,-,-,-,-,-,-,-,-,-,-,20.03%,Upgrade
34,Effective Tax Rate,-,-,-,2.12%,1.85%,7.86%,-,-,10.17%,11.65%,-,0.69%,6.34%,14.62%,0.22%,1.88%,10.13%,9.53%,4.39%,16.80%,Upgrade
