,Fiscal Quarter,Q2 2024,Q1 2024,Q4 2023,Q3 2023,Q2 2023,Q1 2023,Q4 2022,Q3 2022,Q2 2022,Q1 2022,Q4 2021,Q3 2021,Q2 2021,Q1 2021,Q4 2020,Q3 2020,Q2 2020,Q1 2020,Q4 2019,Q3 2019,+20 Quarters
,Period Ending,"Jun '24 Jun 30, 2024","Mar '24 Mar 31, 2024","Dec '23 Dec 31, 2023","Sep '23 Sep 30, 2023","Jun '23 Jun 30, 2023","Mar '23 Mar 31, 2023","Dec '22 Dec 31, 2022","Sep '22 Sep 30, 2022","Jun '22 Jun 30, 2022","Mar '22 Mar 31, 2022","Dec '21 Dec 31, 2021","Sep '21 Sep 30, 2021","Jun '21 Jun 30, 2021","Mar '21 Mar 31, 2021","Dec '20 Dec 31, 2020","Sep '20 Sep 30, 2020","Jun '20 Jun 30, 2020","Mar '20 Mar 31, 2020","Dec '19 Dec 31, 2019","Sep '19 Sep 30, 2019",+20 Quarters
0,Revenue,0.9,2.33,14.77,1.3,9.5,3.34,2.06,2.01,3.01,3.46,8.25,21.86,18.39,19.85,14.95,4.06,0.18,1.47,8.55,0.88,Upgrade
1,Revenue Growth (YoY),-90.58%,-30.35%,616.09%,-35.34%,215.75%,-3.21%,-74.98%,-90.82%,-83.63%,-82.59%,-44.84%,438.61%,10405.71%,1246.40%,74.90%,362.83%,-99.14%,-36.87%,29.73%,-44.98%,Upgrade
2,Cost of Revenue,1.29,1.98,12.57,3.66,2.01,1.63,21.47,1.75,4.73,1.34,40.64,37.67,15.01,16.52,18.23,7.09,0.03,0.03,28.2,0.28,Upgrade
3,Gross Profit,-0.39,0.35,2.21,-2.36,7.49,1.71,-19.41,0.25,-1.72,2.12,-32.39,-15.81,3.37,3.33,-3.28,-3.03,0.15,1.45,-19.65,0.6,Upgrade
4,"Selling, General & Admin",7.31,8.24,15.28,8.12,7.75,7.82,11.25,15.52,13.53,13.6,17.54,15.29,14.5,9.74,11.92,9.21,9.86,8.58,14.57,10.59,Upgrade
5,Other Operating Expenses,-,-,16.42,-,-,-,18.76,-,-,-,39.69,-,-,-,78.68,-,-,-,5.6,0.09,Upgrade
6,Operating Expenses,7.31,8.24,31.71,8.12,7.75,7.82,30.01,15.52,13.53,13.6,57.23,15.29,14.5,9.74,90.61,9.21,9.86,8.58,20.17,10.69,Upgrade
7,Operating Income,-7.7,-7.89,-29.5,-10.48,-0.26,-6.11,-49.42,-15.27,-15.25,-11.48,-89.62,-31.1,-11.13,-6.41,-93.88,-12.24,-9.72,-7.14,-39.82,-10.09,Upgrade
8,Interest Expense,-,-,-,-,-,-,-,-,-,-,-,-0.02,-0.04,-,-,-0.03,-0.05,-,-0.09,-0.04,Upgrade
9,Interest & Investment Income,0.03,0.02,0.17,0.05,0.03,0.02,0.32,0.02,0.04,0.03,0.19,0.05,0.91,0.09,0.93,0.17,0.22,0.2,0.9,0.09,Upgrade
10,Earnings From Equity Investments,-0.41,-0.35,-0.98,-0.37,-0.18,-0.35,-9.21,-0.36,-0.42,-0.4,-4.47,0.47,-0.54,-1.63,-3.55,0.67,1.08,0.63,0.45,1.19,Upgrade
11,Currency Exchange Gain (Loss),0.01,0.01,0.01,-0.02,0.17,-,-0.12,0.19,0.19,-,-0.06,0.01,-0.06,-,-0.14,-0.12,-0,-,0.07,-,Upgrade
12,Other Non Operating Income (Expenses),0.33,1.12,2.89,0.05,0.06,-0.23,0.82,-1.22,0.12,0.39,-0.72,3.24,1.49,-,0.31,-,-,0.17,0.15,0.35,Upgrade
13,EBT Excluding Unusual Items,-7.75,-7.1,-27.42,-10.77,-0.17,-6.67,-57.6,-16.64,-15.32,-11.47,-94.68,-27.35,-9.36,-7.95,-96.33,-11.56,-8.48,-6.14,-38.34,-8.51,Upgrade
14,Impairment of Goodwill,-,-,-,-,-,-,-,-,-,-,-,-,-,-,-,-,-,-,-4.61,-,Upgrade
15,Gain (Loss) on Sale of Investments,0.25,0.52,2.19,-,-,-,-0.64,0,-,-0.01,0.59,-1.77,0.36,0.03,-6.66,-,-,-,-13.15,-,Upgrade
16,Gain (Loss) on Sale of Assets,-,-,-,-,-,-,-1.01,-,-,-,-,-,-,-,-,-,-,-,-0.4,-,Upgrade
17,Asset Writedown,-,-,-,-,-,-,-,-,-,-,-,-,-,-,-2.06,-,-,-,-2.48,-,Upgrade
18,Other Unusual Items,-,-,-,-,-,-,-,-,-,-,-,-,-,-,-,-,-,-,-3.52,-,Upgrade
19,Pretax Income,-7.5,-6.58,-25.23,-10.77,-0.17,-6.67,-59.26,-16.63,-15.32,-11.48,-94.09,-29.12,-9,-7.92,-105.05,-11.56,-8.48,-6.14,-62.49,-8.51,Upgrade
20,Income Tax Expense,-,-,0,-,0.01,0,0,-,-,-,-,-,-,0,-0,-,-,0.01,-0.73,-0.01,Upgrade
21,Earnings From Continuing Operations,-7.5,-6.58,-25.23,-10.77,-0.18,-6.67,-59.26,-16.63,-15.32,-11.48,-94.09,-29.12,-9,-7.92,-105.05,-11.56,-8.48,-6.15,-61.76,-8.5,Upgrade
22,Minority Interest in Earnings,2.59,1.51,-1.52,0.47,0.63,1.04,5.03,0.12,1.55,1.39,5.07,1.04,2.07,0.69,0.69,0.04,0.08,0.08,1.32,0.01,Upgrade
23,Net Income,-4.91,-5.07,-26.74,-10.3,0.46,-5.63,-54.23,-16.51,-13.77,-10.09,-89.02,-28.08,-6.93,-7.23,-104.36,-11.52,-8.39,-6.07,-60.44,-8.49,Upgrade
24,Net Income to Common,-4.91,-5.07,-26.74,-10.3,0.46,-5.63,-54.23,-16.51,-13.77,-10.09,-89.02,-28.08,-6.93,-7.23,-104.36,-11.52,-8.39,-6.07,-60.44,-8.49,Upgrade
25,Shares Outstanding (Basic),4209,4209,4209,4209,4209,4209,4209,4209,4209,4209,4209,4209,4209,4209,4209,4209,4209,4209,4209,4209,Upgrade
26,Shares Outstanding (Diluted),4209,4209,4209,4209,4209,4209,4209,4209,4209,4209,4209,4209,4209,4209,4209,4209,4209,4209,4209,4209,Upgrade
27,Shares Change (YoY),-,-0.00%,-,-,-,-,-,-,-,-,-,-,-,-,-,-,-,-,-,-,Upgrade
28,EPS (Basic),-0.00,-0.00,-0.01,-0.00,0.00,-0.00,-0.01,-0.00,-0.00,-0.00,-0.02,-0.01,-0.00,-0.00,-0.02,-0.00,-0.00,-0.00,-0.01,-0.00,Upgrade
29,EPS (Diluted),-0.00,-0.00,-0.01,-0.00,0.00,-0.00,-0.01,-0.00,-0.00,-0.00,-0.02,-0.01,-0.00,-0.00,-0.02,-0.00,-0.00,-0.00,-0.01,-0.00,Upgrade
30,Free Cash Flow,-3.94,-3.94,-,-,-,-,-,-,-,-,-,-,-,-,-,-,-,-,-,-,Upgrade
31,Free Cash Flow Per Share,-0.00,-0.00,-,-,-,-,-,-,-,-,-,-,-,-,-,-,-,-,-,-,Upgrade
32,Gross Margin,-44.02%,15.20%,14.94%,-181.88%,78.85%,51.14%,-,12.66%,-57.13%,61.27%,-,-72.32%,18.34%,16.77%,-21.92%,-74.55%,84.57%,98.10%,-229.82%,68.53%,Upgrade
33,Operating Margin,-860.45%,-338.73%,-199.68%,-807.86%,-2.68%,-182.57%,-2395.35%,-761.07%,-506.75%,-332.30%,-1086.67%,-142.25%,-60.55%,-32.28%,-627.90%,-301.53%,-5552.00%,-484.26%,-465.79%,-1150.06%,Upgrade
34,Profit Margin,-548.38%,-217.69%,-181.02%,-794.37%,4.80%,-168.45%,-2628.79%,-823.08%,-457.63%,-292.16%,-1079.42%,-128.45%,-37.68%,-36.44%,-697.95%,-283.81%,-4795.43%,-411.80%,-706.92%,-968.30%,Upgrade
35,Free Cash Flow Margin,-439.94%,-169.06%,-,-,-,-,-,-,-,-,-,-,-,-,-,-,-,-,-,-,Upgrade
36,EBITDA,-6.35,-6.54,-27.91,-8.23,1.26,-3.85,-47.16,-12.82,-12.68,-9.04,-87.17,-28.41,-8.6,-3.72,-91.2,-9.41,-6.89,-4.31,-36.99,-6.75,Upgrade
37,EBITDA Margin,-,-280.83%,-188.91%,-,13.28%,-115.22%,-,-,-,-261.57%,-,-129.97%,-46.76%,-18.75%,-,-231.86%,-,-292.42%,-,-,Upgrade
38,D&A For EBITDA,1.35,1.35,1.59,2.25,1.52,2.25,2.25,2.44,2.57,2.44,2.44,2.69,2.54,2.69,2.69,2.83,2.83,2.83,2.83,3.34,Upgrade
39,EBIT,-7.7,-7.89,-29.5,-10.48,-0.26,-6.11,-49.42,-15.27,-15.25,-11.48,-89.62,-31.1,-11.13,-6.41,-93.88,-12.24,-9.72,-7.14,-39.82,-10.09,Upgrade
40,EBIT Margin,-,-,-199.68%,-,-2.68%,-182.57%,-,-,-,-,-,-142.25%,-60.55%,-32.28%,-,-,-,-,-,-,Upgrade
