,Fiscal Quarter,Q4 2024,Q3 2024,Q2 2024,Q1 2024,Q4 2023,Q3 2023,Q2 2023,Q1 2023,Q4 2022,Q3 2022,Q2 2022,Q1 2022,Q4 2021,Q3 2021,Q2 2021,Q1 2021,Q4 2020,Q3 2020,Q2 2020,Q1 2020,+20 Quarters
,Period Ending,"Dec '24 Dec 31, 2024","Sep '24 Sep 30, 2024","Jun '24 Jun 30, 2024","Mar '24 Mar 31, 2024","Dec '23 Dec 31, 2023","Sep '23 Sep 30, 2023","Jun '23 Jun 30, 2023","Mar '23 Mar 31, 2023","Dec '22 Dec 31, 2022","Sep '22 Sep 30, 2022","Jun '22 Jun 30, 2022","Mar '22 Mar 31, 2022","Dec '21 Dec 31, 2021","Sep '21 Sep 30, 2021","Jun '21 Jun 30, 2021","Mar '21 Mar 31, 2021","Dec '20 Dec 31, 2020","Sep '20 Sep 30, 2020","Jun '20 Jun 30, 2020","Mar '20 Mar 31, 2020",+20 Quarters
0,Interest and Dividend Income,8479,2609,7430,2355,4280,3555,4919,4422,5948,4218,5475,4428,6034,4928,5940,4741,4298,4100,4519,3232,Upgrade
1,Total Interest Expense,-6658,2093,2086,2479,2681,2352,2236,2253,2248,2239,2387,2453,2614,2569,2217,2250,2204,1768,1505,1641,Upgrade
2,Net Interest Income,15137,515.3,5344,-123.46,1599,1203,2683,2169,3700,1979,3088,1975,3420,2359,3723,2491,2094,2332,3013,1592,Upgrade
3,Brokerage Commission,-,-4453,4453,-,-,-5269,5269,-,-,-,-,-,-,-,-,-,-,-,-,-,Upgrade
4,Gain on Sale of Investments (Rev),-3232,3232,-2641,2641,948.92,1114,-432.17,432.17,-2311,469.11,424.74,-1206,-795.93,667.83,552.3,329.88,490.18,543.37,-12,372.84,Upgrade
5,Other Revenue,-5209,5158,-1707,1758,2362,6714,-1199,2160,2308,2232,3567,2928,4988,4407,4078,3138,3789,3510,3620,2916,Upgrade
6,Revenue Before Loan Losses,6696,4452,5449,4276,4910,3762,6321,4761,3697,4680,7079,3697,7612,7434,8353,5959,6373,6385,6621,4881,Upgrade
7,Provision for Loan Losses,-,-,-,-,43.23,-,-,-,96.47,-10.08,10.08,-,43.06,2.31,-2.31,-,15.12,-0.2,0.2,-,Upgrade
8,Revenue,6696,4452,5449,4276,4867,3762,6321,4761,3600,4690,7069,3697,7569,7431,8356,5959,6358,6385,6621,4881,Upgrade
9,Revenue Growth (YoY),37.59%,18.33%,-13.80%,-10.19%,35.17%,-19.78%,-10.58%,28.79%,-52.43%,-36.89%,-15.40%,-37.97%,19.06%,16.39%,26.20%,22.09%,8.86%,46.37%,70.83%,4.96%,Upgrade
10,Salaries & Employee Benefits,-,-3114,3114,-,-,-3226,3226,-,-,-,-,-,-,-,-,-,-,-,-,-,Upgrade
11,Cost of Services Provided,-6755,5684,-971.84,2043,2314,5189,-849.11,2094,2100,2308,2604,1645,2703,2765,3149,2455,3018,2588,2263,1802,Upgrade
12,Other Operating Expenses,9591,-808.4,854.04,26.88,209.24,-253.79,1480,151.95,33.35,60.67,1074,321.48,1248,1161,1426,333.36,883.03,220.85,1393,649.64,Upgrade
13,Total Operating Expenses,2949,1229,3462,2024,2396,1480,4269,2210,1768,2732,3569,2096,3676,4216,4520,2853,3776,2936,3525,2584,Upgrade
14,Operating Income,3747,3223,1986,2251,2471,2282,2052,2551,1832,1958,3500,1601,3893,3215,3836,3106,2582,3449,3095,2297,Upgrade
15,Currency Exchange Gains,-93.47,75.5,-4.94,22.91,32.52,40.3,-12.47,-2.5,300.3,-195.52,-154.91,-0.39,11.07,-28.04,25.78,3.33,1.66,19.43,-8.83,5.54,Upgrade
16,Other Non-Operating Income (Expenses),-8.17,-,2.94,-2.94,1.29,1.37,-2.13,2.13,-345.3,116.09,0.01,-8.01,-7.82,26.41,-15.05,-0.34,-7.25,4.23,0.6,2.42,Upgrade
17,EBT Excluding Unusual Items,3646,2548,2736,2271,2504,1554,2807,2550,1787,1878,3346,1593,3896,3214,3847,3109,2576,3473,3087,2305,Upgrade
18,Asset Writedown,-,-,-,-,-3.96,-,-,-,-3.96,7.08,-7.08,-,-5.93,0.04,-0.04,-,-3.08,-0.07,-0.81,-,Upgrade
19,Gain (Loss) on Sale of Investments,-,20.66,-20.66,-,-123.54,156.08,-156.08,-,-185.07,175.95,-175.95,-,-304.72,142.45,-142.45,-,-137.95,78.85,-78.85,-,Upgrade
20,Other Unusual Items,-0.14,18.43,-18.29,-,3.08,-9.07,9.07,-,116.85,-,-,-,-50.63,-,-,-,9.68,-,-,-,Upgrade
21,Pretax Income,3640,2592,2697,2272,2383,1703,2660,2550,1715,2061,3162,1593,3535,3356,3704,3109,2445,3552,3008,2305,Upgrade
22,Income Tax Expense,426.03,189.27,105.09,113.22,19.21,26.78,190.96,289.65,-71.23,69.24,360.07,96.45,388.96,596.21,568.06,492.81,222.67,609.99,469.31,503.04,Upgrade
23,Earnings From Continuing Ops.,3214,2403,2592,2158,2364,1676,2469,2261,1786,1992,2802,1496,3146,2760,3136,2616,2222,2942,2538,1802,Upgrade
24,Minority Interest in Earnings,3.06,-0.79,-1.2,-1.07,-1.31,-1.2,-1.76,-0.86,1.61,-1.6,-2.3,-4.6,-2.02,-4.07,-3.25,-3.4,-1.61,-4.43,-1.97,-4.22,Upgrade
25,Net Income,3217,2402,2590,2157,2362,1675,2467,2260,1788,1991,2800,1492,3144,2756,3133,2613,2220,2937,2536,1798,Upgrade
26,Preferred Dividends & Other Adjustments,-,-285.34,285.34,-,572.24,-283.77,283.77,-,611.83,-323.36,323.36,-,802.09,-397.75,397.75,-,802.09,-397.75,397.75,-,Upgrade
27,Net Income to Common,3217,2687,2305,2157,1790,1958,2183,2260,1176,2314,2477,1492,2342,3154,2735,2613,1418,3335,2139,1798,Upgrade
28,Net Income Growth,36.19%,43.43%,5.00%,-4.54%,32.14%,-15.88%,-11.89%,51.50%,-43.13%,-27.77%,-10.62%,-42.91%,41.58%,-6.18%,23.52%,45.34%,-9.69%,122.38%,84.36%,-15.49%,Upgrade
29,Shares Outstanding (Basic),8842,10462,8014,9379,6953,10440,7977,9416,6656,10737,7449,9944,6760,10633,8062,9331,6570,10483,8308,7490,Upgrade
30,Shares Outstanding (Diluted),8842,10462,8014,9379,6953,10440,7977,9416,6656,10737,7449,9944,6760,10633,8062,9331,6570,10483,8308,7490,Upgrade
31,Shares Change (YoY),27.15%,0.22%,0.46%,-0.39%,4.47%,-2.77%,7.09%,-5.31%,-1.54%,0.98%,-7.61%,6.57%,2.89%,1.43%,-2.96%,24.58%,-24.46%,34.92%,5.63%,2.12%,Upgrade
32,EPS (Basic),0.36,0.26,0.29,0.23,0.26,0.19,0.27,0.24,0.18,0.22,0.33,0.15,0.35,0.30,0.34,0.28,0.22,0.32,0.26,0.24,Upgrade
33,EPS (Diluted),0.36,0.26,0.28,0.23,0.26,0.19,0.27,0.24,0.18,0.21,0.33,0.15,0.35,0.30,0.33,0.28,0.22,0.32,0.26,0.24,Upgrade
34,EPS Growth,42.69%,36.92%,4.24%,-4.17%,44.33%,-11.74%,-17.98%,60.00%,-48.99%,-28.34%,-0.43%,-46.43%,60.46%,-6.40%,29.74%,16.67%,13.34%,86.39%,47.16%,-17.24%,Upgrade
35,Free Cash Flow,-,32159,37351,6576,14130,824.36,-13127,24668,36772,-32994,36971,21195,-576.89,-11055,-8774,-21200,19341,-37576,-8303,16360,Upgrade
36,Free Cash Flow Per Share,-,3.07,4.66,0.70,2.03,0.08,-1.65,2.62,5.52,-3.07,4.96,2.13,-0.09,-1.04,-1.09,-2.27,2.94,-3.58,-1.00,2.18,Upgrade
37,Dividend Per Share,-,-,0.101,-,0.252,-,-,-,0.185,-,-,-,0.540,-,-,-,0.437,-,0.335,-,Upgrade
38,Dividend Growth,-,-,-,-,36.22%,-,-,-,-65.74%,-,-,-,23.57%,-,-,-,-,-,-,-,Upgrade
39,Operating Margin,55.96%,72.40%,36.46%,52.66%,50.76%,60.65%,32.46%,53.58%,50.89%,41.74%,49.52%,43.31%,51.43%,43.27%,45.91%,52.12%,40.61%,54.02%,46.75%,47.06%,Upgrade
40,Profit Margin,48.05%,60.36%,42.31%,50.45%,36.78%,52.05%,34.54%,47.47%,32.66%,49.34%,35.04%,40.35%,30.94%,42.44%,32.73%,43.84%,22.31%,52.23%,32.30%,36.83%,Upgrade
41,Free Cash Flow Margin,-,722.34%,685.50%,153.80%,290.34%,21.91%,-207.67%,518.13%,1021.32%,-703.46%,522.99%,573.35%,-7.62%,-148.76%,-105.00%,-355.76%,304.21%,-588.49%,-125.41%,335.18%,Upgrade
42,Effective Tax Rate,11.70%,7.30%,3.90%,4.98%,0.81%,1.57%,7.18%,11.36%,-,3.36%,11.39%,6.06%,11.00%,17.76%,15.34%,15.85%,9.11%,17.17%,15.60%,21.83%,Upgrade
43,Revenue as Reported,-,-,10064,4299,4950,-,10895,4758,3921,4677,6924,3696,7647,7441,8379,5962,6375,6404,6612,4886,Upgrade
