,Fiscal Quarter,Q2 2025,Q1 2025,Q4 2024,Q3 2024,Q2 2024,Q1 2024,Q4 2023,Q3 2023,Q2 2023,Q1 2023,Q4 2022,Q3 2022,Q2 2022,Q1 2022,Q4 2021,Q3 2021,Q2 2021,Q1 2021,Q4 2020,Q3 2020,+20 Quarters
,Period Ending,"Sep '24 Sep 30, 2024","Jun '24 Jun 30, 2024","Mar '24 Mar 31, 2024","Dec '23 Dec 31, 2023","Sep '23 Sep 30, 2023","Jun '23 Jun 30, 2023","Mar '23 Mar 31, 2023","Dec '22 Dec 31, 2022","Sep '22 Sep 30, 2022","Jun '22 Jun 30, 2022","Mar '22 Mar 31, 2022","Dec '21 Dec 31, 2021","Sep '21 Sep 30, 2021","Jun '21 Jun 30, 2021","Mar '21 Mar 31, 2021","Dec '20 Dec 31, 2020","Sep '20 Sep 30, 2020","Jun '20 Jun 30, 2020","Mar '20 Mar 31, 2020","Dec '19 Dec 31, 2019",+20 Quarters
0,Revenue,218.62,218.62,236.66,236.66,290.16,227.48,219.12,255.62,230.29,181.51,240.44,213.45,112.47,115.84,142.73,136.76,128.82,125.64,128.33,119.64,Upgrade
1,Revenue Growth (YoY),-24.66%,-3.90%,8.00%,-7.42%,26.00%,25.33%,-8.87%,19.76%,104.76%,56.69%,68.46%,56.08%,-12.69%,-7.80%,11.22%,14.31%,17.82%,14.22%,-7.73%,14.99%,Upgrade
2,Cost of Revenue,183.18,183.18,198.02,198.02,251.16,191.09,184.93,217.61,195,149.65,207.09,176.65,94.94,98.56,121.67,119.03,112.24,109,111.94,105.25,Upgrade
3,Gross Profit,35.44,35.44,38.64,38.64,39,36.39,34.19,38,35.29,31.85,33.35,36.79,17.53,17.27,21.06,17.72,16.58,16.65,16.39,14.39,Upgrade
4,"Selling, General & Admin",30.78,30.78,33.22,33.22,32.18,30.81,30.53,29,27.24,26.8,23.45,26.29,16.44,13.36,14.91,13.13,12.57,12.27,12.73,11.7,Upgrade
5,Operating Expenses,30.76,30.76,33.25,33.25,32.22,30.85,30.45,29.04,27.32,26.79,23.47,26.41,16.35,13.4,14.66,13.11,12.55,12.32,12.62,11.72,Upgrade
6,Operating Income,4.68,4.68,5.39,5.39,6.78,5.54,3.74,8.96,7.98,5.07,9.89,10.38,1.18,3.88,6.4,4.61,4.04,4.32,3.77,2.66,Upgrade
7,Interest Expense,-1.66,-1.66,-1.59,-1.59,-1.63,-1.63,-1.55,-1.58,-1.61,-1.53,-2.26,-0.57,-0.06,-0.07,-0.08,-0.08,-0.09,-0.09,-0.1,-0.1,Upgrade
8,Interest & Investment Income,1.59,1.59,1.47,1.47,1,0.87,0.8,0.2,0.15,0.08,0.07,0.05,0.05,0.04,0.04,0.04,0.18,0.24,0.21,0.17,Upgrade
9,Currency Exchange Gain (Loss),-,-,-0.08,-0.08,-0.11,0.11,-,-0.22,0.04,0.18,-0.27,0.06,0.12,0.09,0.07,0.06,0.07,0.14,0.07,0.04,Upgrade
10,Other Non Operating Income (Expenses),0.17,0.17,0.37,0.37,0.56,0.28,0.68,0.28,5.13,0.23,0.59,0.28,-0.59,0.9,0.2,0.16,0.09,0.04,0.12,0.09,Upgrade
11,EBT Excluding Unusual Items,4.78,4.78,5.57,5.57,6.61,5.15,3.67,7.65,11.7,4.02,8.01,10.19,0.7,4.83,6.63,4.79,4.29,4.65,4.06,2.86,Upgrade
12,Merger & Restructuring Charges,-,-,-,-,-,-,-,-,-,-,-3.13,-,-,-,-,-,-,-,-,-,Upgrade
13,Other Unusual Items,-,-,-,-,-,-,0.55,0.45,-2.45,2.45,-0.32,0.43,1.1,-,0.19,2.25,2.25,-,-,-,Upgrade
14,Pretax Income,4.78,4.78,5.57,5.57,6.61,5.15,4.22,8.1,9.25,6.47,4.56,10.62,1.8,4.83,6.81,7.04,6.55,4.65,4.06,2.86,Upgrade
15,Income Tax Expense,1.25,1.25,1.35,1.35,1.63,1.45,1.39,1.4,1.69,0.87,1.74,1.6,0.81,0.8,1.05,0.8,0.71,0.78,0.64,0.48,Upgrade
16,Earnings From Continuing Operations,3.53,3.53,4.22,4.22,4.98,3.71,2.83,6.7,7.56,5.6,2.82,9.02,0.99,4.03,5.77,6.24,5.83,3.88,3.42,2.38,Upgrade
17,Minority Interest in Earnings,-0.22,-0.22,-0.48,-0.48,-0.59,-0.19,0.28,-1.32,-1.08,-0.92,-0.11,-1.54,-,-,-,-,-,-,-,-,Upgrade
18,Net Income,3.31,3.31,3.73,3.73,4.39,3.51,3.11,5.39,6.48,4.67,2.72,7.48,0.99,4.03,5.77,6.24,5.83,3.88,3.42,2.38,Upgrade
19,Net Income to Common,3.31,3.31,3.73,3.73,4.39,3.51,3.11,5.39,6.48,4.67,2.72,7.48,0.99,4.03,5.77,6.24,5.83,3.88,3.42,2.38,Upgrade
20,Net Income Growth,-24.62%,-5.78%,19.91%,-30.67%,-32.24%,-24.84%,14.70%,-28.03%,555.11%,15.98%,-52.93%,19.86%,-83.04%,3.95%,68.61%,162.35%,141.29%,56.48%,-14.54%,8.92%,Upgrade
21,Shares Outstanding (Basic),803,803,803,803,803,803,803,803,803,803,803,803,801,800,800,800,800,800,800,793,Upgrade
22,Shares Outstanding (Diluted),1253,1253,1253,1253,1253,1253,1253,1253,1253,1254,803,1256,808,800,800,800,800,800,800,793,Upgrade
23,Shares Change (YoY),-,-,0.03%,-,0.00%,-0.03%,55.97%,-0.19%,55.16%,56.71%,0.41%,56.96%,0.97%,-,-,0.84%,-,-,-,-1.97%,Upgrade
24,EPS (Basic),0.00,0.00,0.00,0.00,0.01,0.00,0.00,0.01,0.01,0.01,0.00,0.01,0.00,0.01,0.01,0.01,0.01,0.00,0.00,0.00,Upgrade
25,EPS (Diluted),0.00,0.00,0.00,0.00,0.00,0.00,0.00,0.01,0.01,0.00,0.00,0.01,0.00,0.01,0.01,0.01,0.01,0.00,0.00,0.00,Upgrade
26,EPS Growth,-16.97%,-1.99%,16.11%,-23.20%,-25.45%,-17.77%,5.45%,-14.63%,414.78%,-3.68%,-53.13%,-19.10%,-83.21%,3.20%,68.62%,160.00%,140.15%,56.49%,-14.53%,11.11%,Upgrade
27,Free Cash Flow,-23.72,-23.72,40.27,40.27,-,-,-,-,-,-,-,-,-,-,-,-,-,-,-,-,Upgrade
28,Free Cash Flow Per Share,-0.02,-0.02,0.03,0.03,-,-,-,-,-,-,-,-,-,-,-,-,-,-,-,-,Upgrade
29,Dividend Per Share,-,-,-,-,-,-,0.010,-,-,-,0.008,-,-,-,0.009,-,-,-,0.004,-,Upgrade
30,Dividend Growth,-,-,-,-,-,-,29.87%,-,-,-,-14.44%,-,-,-,100.00%,-,-,-,7.14%,-,Upgrade
31,Gross Margin,16.21%,16.21%,16.33%,16.33%,13.44%,16.00%,15.60%,14.87%,15.32%,17.55%,13.87%,17.24%,15.59%,14.91%,14.75%,12.96%,12.87%,13.25%,12.77%,12.02%,Upgrade
32,Operating Margin,2.14%,2.14%,2.28%,2.28%,2.34%,2.43%,1.71%,3.51%,3.46%,2.79%,4.11%,4.86%,1.05%,3.35%,4.48%,3.37%,3.13%,3.44%,2.94%,2.23%,Upgrade
33,Profit Margin,1.51%,1.51%,1.58%,1.58%,1.51%,1.54%,1.42%,2.11%,2.81%,2.57%,1.13%,3.51%,0.88%,3.48%,4.04%,4.57%,4.53%,3.08%,2.67%,1.99%,Upgrade
34,Free Cash Flow Margin,-10.85%,-10.85%,17.02%,17.02%,-,-,-,-,-,-,-,-,-,-,-,-,-,-,-,-,Upgrade
35,EBITDA,6.02,6.02,6.73,6.64,8.03,6.79,4.99,9.71,8.72,5.81,10.63,10.57,1.37,4.07,6.59,4.82,4.24,4.53,3.97,2.87,Upgrade
36,EBITDA Margin,2.75%,2.75%,2.84%,2.81%,2.77%,2.98%,2.28%,3.80%,3.79%,3.20%,4.42%,4.95%,1.22%,3.51%,4.62%,3.52%,3.29%,3.61%,3.10%,2.40%,Upgrade
37,D&A For EBITDA,1.34,1.34,1.34,1.25,1.25,1.25,1.25,0.75,0.75,0.75,0.75,0.19,0.19,0.19,0.19,0.21,0.21,0.21,0.21,0.21,Upgrade
38,EBIT,4.68,4.68,5.39,5.39,6.78,5.54,3.74,8.96,7.98,5.07,9.89,10.38,1.18,3.88,6.4,4.61,4.04,4.32,3.77,2.66,Upgrade
39,EBIT Margin,2.14%,2.14%,2.28%,2.28%,2.34%,2.43%,1.71%,3.51%,3.46%,2.79%,4.11%,4.86%,1.05%,3.35%,4.48%,3.37%,3.13%,3.44%,2.94%,2.23%,Upgrade
40,Effective Tax Rate,26.08%,26.08%,24.26%,24.26%,24.66%,28.09%,32.85%,17.26%,18.32%,13.48%,38.15%,15.02%,45.02%,16.64%,15.34%,11.32%,10.89%,16.68%,15.80%,16.72%,Upgrade
