,Fiscal Quarter,Q2 2024,Q1 2024,Q4 2023,Q3 2023,Q2 2023,Q1 2023,Q4 2022,Q3 2022,Q2 2022,Q1 2022,Q4 2021,Q3 2021,Q2 2021,Q1 2021,Q4 2020,Q3 2020,Q2 2020,Q1 2020,Q4 2019,Q3 2019,+20 Quarters
,Period Ending,"Jun '24 Jun 30, 2024","Mar '24 Mar 31, 2024","Dec '23 Dec 31, 2023","Sep '23 Sep 30, 2023","Jun '23 Jun 30, 2023","Mar '23 Mar 31, 2023","Dec '22 Dec 31, 2022","Sep '22 Sep 30, 2022","Jun '22 Jun 30, 2022","Mar '22 Mar 31, 2022","Dec '21 Dec 31, 2021","Sep '21 Sep 30, 2021","Jun '21 Jun 30, 2021","Mar '21 Mar 31, 2021","Dec '20 Dec 31, 2020","Sep '20 Sep 30, 2020","Jun '20 Jun 30, 2020","Mar '20 Mar 31, 2020","Dec '19 Dec 31, 2019","Sep '19 Sep 30, 2019",+20 Quarters
0,Revenue,196.55,196.55,248.71,197.2,253.09,142.54,248.17,216.12,183.93,193.37,231.8,172.34,152.61,148.72,181.78,154.83,155.69,129.95,173.83,172.65,Upgrade
1,Revenue Growth (YoY),-22.34%,37.88%,0.22%,-8.75%,37.60%,-26.28%,7.06%,25.41%,20.52%,30.02%,27.51%,11.31%,-1.98%,14.44%,4.57%,-10.33%,-1.74%,-7.81%,5.55%,1.01%,Upgrade
2,Cost of Revenue,39.01,39.01,76.4,51.49,87.85,41.76,69.94,44.16,47.95,31.5,32.14,31.83,38.86,23.36,24.44,23.72,23.8,18.57,30.34,25.4,Upgrade
3,Gross Profit,157.54,157.54,172.31,145.71,165.24,100.79,178.23,171.96,135.98,161.86,199.66,140.5,113.74,125.36,157.34,131.1,131.89,111.38,143.49,147.26,Upgrade
4,"Selling, General & Admin",108.69,108.69,159.93,115.04,94.58,79.4,145.27,146.35,90.63,127.7,178.39,90.5,76.24,108.15,125.11,99.72,91.92,111.6,81.42,112.54,Upgrade
5,Other Operating Expenses,-15.06,-15.06,17.43,-27.88,30.74,-45.83,-1.11,-6.27,-6.83,-5.7,-0.64,-6.02,-1.47,-6.51,16.48,-5.47,-4.91,-17.18,14.14,-6.06,Upgrade
6,Operating Expenses,93.64,93.64,177.36,87.16,125.33,33.57,144.16,140.07,83.8,122,177.75,84.48,74.78,101.64,141.59,94.26,87.01,94.42,95.56,106.49,Upgrade
7,Operating Income,63.9,63.9,-5.05,58.55,39.91,67.22,34.07,31.89,52.18,39.86,21.91,56.03,38.97,23.73,15.74,36.85,44.88,16.96,47.93,40.77,Upgrade
8,Interest Expense,-0.41,-0.41,-,-0.03,-1.76,-0.03,-,-0.06,-0.16,-0.48,-0.14,-0.02,-0.08,-0.12,-0.01,-0.03,-0.02,-0.65,-0.03,-0.03,Upgrade
9,Interest & Investment Income,-,-,34.42,-,-,-,35.52,-,-,-,33.59,-,-,-,28.19,-,-,-,3.81,-,Upgrade
10,EBT Excluding Unusual Items,63.5,63.5,29.37,58.52,38.15,67.2,69.59,31.83,52.02,39.38,55.36,56.01,38.89,23.61,43.92,36.82,44.86,16.31,51.72,40.74,Upgrade
11,Gain (Loss) on Sale of Investments,-,-,5.43,-,-,-,4.52,-,-,-,3.4,-,-,-,8.14,-,-,-,19.91,-,Upgrade
12,Asset Writedown,-,-,-0.36,-,-,-,-,-,-,-,-,-,-,-,-,-,-,-,-,-,Upgrade
13,Pretax Income,63.5,63.5,34.44,58.52,38.15,67.2,74.11,31.83,52.02,39.38,58.76,56.01,38.89,23.61,52.06,36.82,44.86,16.31,71.63,40.74,Upgrade
14,Income Tax Expense,11.36,11.36,19.53,6.08,9.69,14.81,-14.8,4.43,8.38,5.77,12.45,8.02,10.03,3.5,8.53,5.47,7.04,2.44,15.01,6.11,Upgrade
15,Net Income,52.14,52.14,14.91,52.45,28.46,52.39,88.91,27.4,43.64,33.62,46.31,47.99,28.87,20.11,43.53,31.34,37.82,13.87,56.62,34.63,Upgrade
16,Net Income to Common,52.14,52.14,14.91,52.45,28.46,52.39,88.91,27.4,43.64,33.62,46.31,47.99,28.87,20.11,43.53,31.34,37.82,13.87,56.62,34.63,Upgrade
17,Net Income Growth,83.21%,-0.47%,-83.23%,91.39%,-34.78%,55.85%,91.97%,-42.90%,51.17%,67.17%,6.39%,53.13%,-23.66%,44.97%,-23.12%,-9.51%,-1.04%,-9.11%,-18.32%,-4.80%,Upgrade
18,Shares Outstanding (Basic),560,560,560,560,560,560,560,560,560,560,560,560,560,560,560,560,560,560,560,560,Upgrade
19,Shares Outstanding (Diluted),560,560,560,560,560,560,560,560,560,560,560,560,560,560,560,560,560,560,560,560,Upgrade
20,EPS (Basic),0.09,0.09,0.03,0.09,0.05,0.09,0.16,0.05,0.08,0.06,0.08,0.09,0.05,0.04,0.08,0.06,0.07,0.02,0.10,0.06,Upgrade
21,EPS (Diluted),0.09,0.09,0.03,0.09,0.05,0.09,0.16,0.05,0.08,0.06,0.08,0.09,0.05,0.04,0.08,0.06,0.07,0.02,0.10,0.06,Upgrade
22,EPS Growth,83.21%,-0.47%,-83.23%,91.39%,-34.78%,55.85%,91.97%,-42.90%,51.17%,67.17%,6.39%,53.13%,-23.66%,44.98%,-23.12%,-9.51%,-1.04%,-9.12%,-18.32%,-4.80%,Upgrade
23,Gross Margin,80.15%,80.15%,69.28%,73.89%,65.29%,70.71%,71.82%,79.57%,73.93%,83.71%,86.14%,81.53%,74.53%,84.30%,86.55%,84.68%,84.71%,85.71%,82.55%,85.29%,Upgrade
24,Operating Margin,32.51%,32.51%,-2.03%,29.69%,15.77%,47.16%,13.73%,14.75%,28.37%,20.62%,9.45%,32.51%,25.54%,15.95%,8.66%,23.80%,28.83%,13.05%,27.58%,23.61%,Upgrade
25,Profit Margin,26.53%,26.53%,6.00%,26.60%,11.24%,36.75%,35.82%,12.68%,23.73%,17.38%,19.98%,27.85%,18.92%,13.52%,23.95%,20.24%,24.29%,10.67%,32.57%,20.06%,Upgrade
26,EBITDA,70.51,70.51,1.57,66.66,48.02,75.33,42.18,38.91,59.2,46.89,28.93,61.33,44.28,29.03,21.05,41.9,49.94,22.02,52.99,45.61,Upgrade
27,EBITDA Margin,35.88%,35.88%,0.63%,33.80%,18.97%,52.85%,16.99%,18.00%,32.19%,24.25%,12.48%,35.59%,29.01%,19.52%,11.58%,27.06%,32.07%,16.95%,30.48%,26.41%,Upgrade
28,D&A For EBITDA,6.61,6.61,6.61,8.11,8.11,8.11,8.11,7.02,7.02,7.02,7.02,5.31,5.31,5.31,5.31,5.06,5.06,5.06,5.06,4.83,Upgrade
29,EBIT,63.9,63.9,-5.05,58.55,39.91,67.22,34.07,31.89,52.18,39.86,21.91,56.03,38.97,23.73,15.74,36.85,44.88,16.96,47.93,40.77,Upgrade
30,EBIT Margin,32.51%,32.51%,-2.03%,29.69%,15.77%,47.16%,13.73%,14.75%,28.37%,20.62%,9.45%,32.51%,25.54%,15.95%,8.66%,23.80%,28.83%,13.05%,27.58%,23.61%,Upgrade
31,Effective Tax Rate,17.88%,17.88%,56.71%,10.38%,25.40%,22.04%,-,13.90%,16.12%,14.65%,21.18%,14.32%,25.78%,14.83%,16.38%,14.87%,15.69%,14.97%,20.96%,14.99%,Upgrade
