,Fiscal Quarter,H1 2024,H2 2023,H1 2023,H2 2022,H1 2022,H2 2021,H1 2021,H2 2020,H1 2020,H2 2019,+2 Quarters
,Period Ending,"Jun '24 Jun 30, 2024","Dec '23 Dec 31, 2023","Jun '23 Jun 30, 2023","Dec '22 Dec 31, 2022","Jun '22 Jun 30, 2022","Dec '21 Dec 31, 2021","Jun '21 Jun 30, 2021","Dec '20 Dec 31, 2020","Jun '20 Jun 30, 2020","Dec '19 Dec 31, 2019",+2 Quarters
0,Operating Revenue,97.9,98.74,91.93,101.45,90.12,114.17,115.95,163.18,317.89,331.66,Upgrade
1,Other Revenue,8.38,11.54,11.66,14.24,15.69,14.7,16.49,21.64,19.27,-3.3,Upgrade
2,Revenue,106.28,110.28,103.59,115.7,105.81,128.87,132.44,184.83,337.16,328.37,Upgrade
3,Revenue Growth (YoY),2.60%,-4.69%,-2.10%,-10.22%,-20.11%,-30.28%,-60.72%,-43.71%,-32.29%,-18.16%,Upgrade
4,Cost of Revenue,5.16,3.64,3.03,2.21,2.99,3.85,6.52,5.35,9.75,23.97,Upgrade
5,Gross Profit,101.12,106.64,100.56,113.49,102.82,125.02,125.93,179.48,327.41,304.4,Upgrade
6,"Selling, General & Admin",17.85,11.98,21.38,25.23,26.17,43.23,47.45,65.41,76.49,71.19,Upgrade
7,Other Operating Expenses,44.2,53.47,26.15,181.6,60.94,55.07,58.63,54.94,47.29,56.3,Upgrade
8,Operating Expenses,63.32,64.16,49.49,213.46,94.08,104.27,118.12,130.56,138.56,143.39,Upgrade
9,Operating Income,37.8,42.47,51.07,-99.97,8.74,20.75,7.8,48.92,188.84,161.01,Upgrade
10,Interest Expense,-40.17,-34.14,-34.5,-39.87,-44.73,-48.18,-38.48,-39.87,-42.71,-38.48,Upgrade
11,Interest & Investment Income,3.96,9.31,9.17,5.65,5.09,4.87,5.13,5.43,6.22,6.34,Upgrade
12,Earnings From Equity Investments,-,-,-,-,-,-,-,-0.21,-0.01,-1.48,Upgrade
13,Currency Exchange Gain (Loss),-,5.14,-,3.24,-,-2.65,-,-4.89,-,-1.19,Upgrade
14,Other Non Operating Income (Expenses),-,-185.99,-55.56,-79.76,-6.99,17.18,-0.84,26.85,1.39,-121.46,Upgrade
15,EBT Excluding Unusual Items,1.59,-163.21,-29.82,-210.72,-37.89,-8.04,-26.38,36.24,153.73,4.74,Upgrade
16,Gain (Loss) on Sale of Investments,-,-,-,-45.03,2.02,-41.26,-115.87,-41.57,-22.53,0.62,Upgrade
17,Gain (Loss) on Sale of Assets,0.26,7.12,-,-1.92,-,-1.26,-2.72,-0.54,-0.51,-0.57,Upgrade
18,Asset Writedown,-42.38,-205.04,-46.96,-111.27,-110.6,-208.96,-70.91,-121.68,-66.49,-5.76,Upgrade
19,Legal Settlements,-,-0.32,-,1.39,-1.39,2.5,-,-3.94,-1.8,3.56,Upgrade
20,Other Unusual Items,35.56,30.4,1.33,-164.14,10.29,-4.66,2.19,8.04,18.04,173.11,Upgrade
21,Pretax Income,-4.97,-331.05,-75.45,-531.7,-137.57,-261.67,-213.68,-123.46,80.45,175.69,Upgrade
22,Income Tax Expense,13.51,-53.25,-2.85,-104.87,-7.9,-35.77,2.06,-26.57,58.66,56.78,Upgrade
23,Earnings From Continuing Operations,-18.48,-277.8,-72.61,-426.83,-129.66,-225.89,-215.74,-96.89,21.78,118.91,Upgrade
24,Minority Interest in Earnings,-,0.71,8.72,0.15,0.23,3.57,0.02,-0.01,0,-0,Upgrade
25,Net Income,-18.48,-277.1,-63.89,-426.69,-129.43,-222.32,-215.72,-96.9,21.79,118.91,Upgrade
26,Net Income to Common,-18.48,-277.1,-63.89,-426.69,-129.43,-222.32,-215.72,-96.9,21.79,118.91,Upgrade
27,Net Income Growth,-,-,-,-,-,-,-,-,21.71%,25.22%,Upgrade
28,Shares Outstanding (Basic),2495,2495,2495,2495,2495,2495,2494,2495,2494,2493,Upgrade
29,Shares Outstanding (Diluted),2495,2495,2495,2495,2495,2495,2494,2495,2494,2494,Upgrade
30,Shares Change (YoY),-,0.00%,0.01%,0.01%,0.01%,-,-,0.01%,-0.01%,-0.06%,Upgrade
31,EPS (Basic),-0.01,-0.11,-0.03,-0.17,-0.05,-0.09,-0.09,-0.04,0.01,0.05,Upgrade
32,EPS (Diluted),-0.01,-0.11,-0.03,-0.17,-0.05,-0.09,-0.09,-0.04,0.01,0.04,Upgrade
33,EPS Growth,-,-,-,-,-,-,-,-,21.63%,33.40%,Upgrade
34,Free Cash Flow,33.87,36.29,64.24,24.08,111.13,46.48,27.67,103.35,17.86,-55.51,Upgrade
35,Free Cash Flow Per Share,0.01,0.01,0.03,0.01,0.04,0.02,0.01,0.04,0.01,-0.02,Upgrade
36,Operating Margin,35.56%,38.52%,49.30%,-86.41%,8.26%,16.10%,5.89%,26.47%,56.01%,49.03%,Upgrade
37,Profit Margin,-17.39%,-251.28%,-61.67%,-368.80%,-122.33%,-172.52%,-162.88%,-52.43%,6.46%,36.21%,Upgrade
38,Free Cash Flow Margin,31.87%,32.91%,62.02%,20.81%,105.03%,36.07%,20.89%,55.92%,5.30%,-16.90%,Upgrade
39,EBITDA,38.5,43.4,52.15,-95.74,12.55,23.58,11.99,52.36,193.45,166.27,Upgrade
40,D&A For EBITDA,0.71,0.92,1.08,4.23,3.8,2.83,4.19,3.44,4.6,5.26,Upgrade
41,EBIT,37.8,42.47,51.07,-99.97,8.74,20.75,7.8,48.92,188.84,161.01,Upgrade
42,Advertising Expenses,0.07,-,0.5,-,1.27,-,2.4,-,-,-,Upgrade
