,Fiscal Quarter,Q4 2024,Q4 2023,Q2 2015,Q1 2015,Q4 2014,Q3 2014,Q2 2014,Q1 2014,Q4 2013,Q3 2013,Q2 2013,Q1 2013,Q4 2012,Q3 2012,Q2 2012,Q1 2012,Q4 2011,Q3 2011,Q2 2011,Q1 2011,+9 Quarters
,Period Ending,"Dec '24 Dec 31, 2024","Dec '23 Dec 31, 2023","Jun '15 Jun 30, 2015","Mar '15 Mar 31, 2015","Dec '14 Dec 31, 2014","Sep '14 Sep 30, 2014","Jun '14 Jun 30, 2014","Mar '14 Mar 31, 2014","Dec '13 Dec 31, 2013","Sep '13 Sep 30, 2013","Jun '13 Jun 30, 2013","Mar '13 Mar 31, 2013","Dec '12 Dec 31, 2012","Sep '12 Sep 30, 2012","Jun '12 Jun 30, 2012","Mar '12 Mar 31, 2012","Dec '11 Dec 31, 2011","Sep '11 Sep 30, 2011","Jun '11 Jun 30, 2011","Mar '11 Mar 31, 2011",+9 Quarters
0,Revenue,464076,440992,223774,197255,218474,224695,217389,183954,200310,183998,177839,155240,201976,270537,266092,249894,301400,217476,234807,162966,Upgrade
1,Revenue Growth (YoY),112.42%,96.26%,2.94%,7.23%,9.07%,22.12%,22.24%,18.50%,-0.83%,-31.99%,-33.17%,-37.88%,-32.99%,24.40%,13.32%,53.34%,29.51%,28.30%,-3.06%,14.98%,Upgrade
2,Cost of Revenue,383972,378212,178788,156610,162596,179932,175918,148040,159860,148960,141497,130060,172487,230184,224810,214983,252543,173542,177915,128313,Upgrade
3,Gross Profit,80104,62780,44986,40645,55878,44763,41471,35914,40450,35038,36342,25181,29489,40353,41282,34911,48858,43934,56891,34653,Upgrade
4,"Selling, General & Admin",28713,28344,12557,10593,15160,11081,12173,10463,10551,9079,10631,7430,8455,12257,9949,8398,16927,8429,8652,7330,Upgrade
5,Other Operating Expenses,-,-,8.73,-,-,-,-,-,-,-,-,-,-,-,-,-,-,-,-,-,Upgrade
6,Operating Expenses,28713,28344,12566,10593,15160,11081,12173,10463,10551,9079,10631,7430,8455,12257,9949,8398,16927,8429,8652,7330,Upgrade
7,Operating Income,51392,34437,32420,30052,40718,33682,29299,25451,29899,25959,25710,17750,21034,28096,31333,26513,31931,35505,48240,27323,Upgrade
8,Interest Expense,-118.14,-195.29,-,-,-2826,-2364,-2653,-2477,-2714,-3019,-3369,-3766,-4358,-3473,-5191,-4513,-2827,-2851,-1102,-1109,Upgrade
9,Interest & Investment Income,2729,4508,-,-,9554,944.28,-,4099,2282,2410,3846,14903,268.98,8037,1449,2667,13844,333.33,277.78,2442,Upgrade
10,Earnings From Equity Investments,10088,1615,3498,1777,3771,3109,-179.54,-972.61,2672,3232,-2569,-,1717,1146,1128,945.46,863.38,544.48,-439.35,-451.95,Upgrade
11,Currency Exchange Gain (Loss),-,-,-,-,-7884,-,6588,69.65,-1873,-,-86.47,-34.3,50.51,-,48.69,-29.59,-1269,-,-3386,-,Upgrade
12,Other Non Operating Income (Expenses),-86.79,556.06,-918.01,-1988,-261.28,-14.46,77.71,38.29,152.52,2572,-765.5,-604.34,524.47,496.02,19.73,55.19,219.08,-525.79,576.59,22.38,Upgrade
13,EBT Excluding Unusual Items,64004,40920,35000,29841,43073,35357,33132,26208,30418,31154,22767,28248,19236,34302,28787,25638,42762,33006,44167,28226,Upgrade
14,Gain (Loss) on Sale of Investments,-,-,-,-,-291.59,-,1045,-,-512.16,-,-,-,1631,-,41.45,-,-4410,-,-,-,Upgrade
15,Gain (Loss) on Sale of Assets,-,-,-,-,-,-,-,-,8186,-,-5976,-,-3437,-,18.24,-,2.73,-,-46.95,-,Upgrade
16,Other Unusual Items,-,-,-,-,236.15,-,-236.15,-,-377.41,-,-,-,-,-,19.28,-,238.44,-,-10.79,-,Upgrade
17,Pretax Income,64004,40920,35000,29841,43017,35357,33941,26208,37714,31154,16790,28248,17601,34302,28866,25638,38594,33006,44109,28226,Upgrade
18,Income Tax Expense,10714,7279,7121,6052,8510,7136,6254,5762,8469,6196,6542,4964,5415,7268,7289,5808,7760,8100,13032,6713,Upgrade
19,Earnings From Continuing Operations,53289,33641,27879,23789,34507,28221,27687,20446,29245,24957,10248,23284,12186,27034,21577,19831,30834,24907,31077,21513,Upgrade
20,Minority Interest in Earnings,-57.49,-646.75,-1443,-2508,-907.03,-894.73,-1096,201.13,-543.65,-690.99,-1310,-,-1257,-4622,-3621,-2694,-3955,-4041,-5338,-3390,Upgrade
21,Net Income,53232,32994,26436,21281,33600,27326,26592,20647,28702,24266,8938,23284,10929,22411,17957,17136,26879,20866,25740,18123,Upgrade
22,Preferred Dividends & Other Adjustments,-,-,-,-,7014,-,3307,-,-,-,-,-,-,-,-,-,-,-,-,-,Upgrade
23,Net Income to Common,53232,32994,26436,21281,26586,27326,23284,20647,28702,24266,8938,23284,10929,22411,17957,17136,26879,20866,25740,18123,Upgrade
24,Net Income Growth,58.43%,20.74%,-0.58%,3.07%,17.07%,12.61%,197.51%,-11.33%,162.62%,8.28%,-50.22%,35.88%,-59.34%,7.41%,-30.24%,-5.45%,8.64%,-3.47%,-4.16%,-21.07%,Upgrade
25,Shares Outstanding (Basic),34,37,-,30,30,32,28,30,30,30,30,30,30,30,30,30,27,27,27,27,Upgrade
26,Shares Outstanding (Diluted),34,37,-,30,30,32,28,30,30,30,30,30,30,30,30,30,27,27,27,27,Upgrade
27,Shares Change (YoY),13.43%,14.02%,-,0.00%,-,7.24%,-7.21%,-,-,-0.04%,-,-,11.27%,12.03%,11.98%,12.00%,0.66%,0.02%,0.02%,-,Upgrade
28,EPS (Basic),1556.00,895.00,-,705.61,881.53,845.14,832.02,684.60,951.67,804.86,296.36,772.05,362.37,743.06,595.40,568.20,991.66,775.00,955.71,673.04,Upgrade
29,EPS (Diluted),1556.00,895.00,-,705.61,881.53,845.14,832.02,684.60,951.67,804.86,296.36,772.05,362.37,743.06,595.40,568.20,991.66,775.00,955.71,673.04,Upgrade
30,EPS Growth,76.51%,5.90%,-,3.07%,-7.37%,5.00%,180.74%,-11.33%,162.62%,8.32%,-50.22%,35.88%,-63.46%,-4.12%,-37.70%,-15.58%,7.92%,-3.49%,-4.18%,-21.07%,Upgrade
31,Free Cash Flow,-,-,12488,-10722,69543,-27422,-52496,-27669,-7311,54673,39244,-1026,56057,29156,14972,7660,-69522,-97060,23885,-35065,Upgrade
32,Free Cash Flow Per Share,-,-,-,-355.50,2305.86,-848.10,-1875.86,-917.42,-242.43,1813.36,1301.24,-34.01,1858.70,966.68,496.43,253.98,-2564.93,-3605.05,886.85,-1302.17,Upgrade
33,Dividend Per Share,-,-,-,-,-,-,-,-,-,-,-,-,-,-,-,-,1250.000,-,-,-,Upgrade
34,Dividend Growth,-,-,-,-,-,-,-,-,-,-,-,-,-,-,-,-,-10.00%,-,-,-,Upgrade
35,Gross Margin,17.26%,14.24%,20.10%,20.61%,25.58%,19.92%,19.08%,19.52%,20.19%,19.04%,20.44%,16.22%,14.60%,14.92%,15.51%,13.97%,16.21%,20.20%,24.23%,21.26%,Upgrade
36,Operating Margin,11.07%,7.81%,14.49%,15.24%,18.64%,14.99%,13.48%,13.84%,14.93%,14.11%,14.46%,11.43%,10.41%,10.39%,11.78%,10.61%,10.59%,16.33%,20.54%,16.77%,Upgrade
37,Profit Margin,11.47%,7.48%,11.81%,10.79%,12.17%,12.16%,10.71%,11.22%,14.33%,13.19%,5.03%,15.00%,5.41%,8.28%,6.75%,6.86%,8.92%,9.59%,10.96%,11.12%,Upgrade
38,Free Cash Flow Margin,-,-,5.58%,-5.44%,31.83%,-12.20%,-24.15%,-15.04%,-3.65%,29.71%,22.07%,-0.66%,27.75%,10.78%,5.63%,3.07%,-23.07%,-44.63%,10.17%,-21.52%,Upgrade
39,EBITDA,59152,-,49879,47381,58361,49193,39933,43560,44956,39528,41698,32250,39009,46782,51305,44505,48495,46518,58634,37231,Upgrade
40,EBITDA Margin,12.75%,-,22.29%,24.02%,26.71%,21.89%,18.37%,23.68%,22.44%,21.48%,23.45%,20.77%,19.31%,17.29%,19.28%,17.81%,16.09%,21.39%,24.97%,22.85%,Upgrade
41,D&A For EBITDA,7761,-,17459,17329,17643,15512,10635,18109,15057,13569,15988,14500,17975,18686,19972,17992,16564,11013,10395,9908,Upgrade
42,EBIT,51392,34437,32420,30052,40718,33682,29299,25451,29899,25959,25710,17750,21034,28096,31333,26513,31931,35505,48240,27323,Upgrade
43,EBIT Margin,11.07%,7.81%,14.49%,15.24%,18.64%,14.99%,13.48%,13.84%,14.93%,14.11%,14.46%,11.43%,10.41%,10.39%,11.78%,10.61%,10.59%,16.33%,20.54%,16.77%,Upgrade
44,Effective Tax Rate,16.74%,17.79%,20.34%,20.28%,19.78%,20.18%,18.42%,21.99%,22.46%,19.89%,38.97%,17.57%,30.77%,21.19%,25.25%,22.65%,20.11%,24.54%,29.54%,23.78%,Upgrade
45,Revenue as Reported,464076,440992,223774,197255,218474,224695,217389,183954,200310,183998,177839,155240,201976,270537,266092,249894,301400,217476,234807,162966,Upgrade
