,Fiscal Quarter,Q3 2024,Q2 2024,Q1 2024,Q4 2023,Q3 2023,Q2 2023,Q1 2023,Q4 2022,Q3 2022,Q2 2022,Q1 2022,Q4 2021,Q3 2021,Q2 2021,Q1 2021,Q4 2020,Q3 2020,Q2 2020,Q1 2020,Q4 2019,+20 Quarters
,Period Ending,"Sep '24 Sep 30, 2024","Jun '24 Jun 30, 2024","Mar '24 Mar 31, 2024","Dec '23 Dec 31, 2023","Sep '23 Sep 30, 2023","Jun '23 Jun 30, 2023","Mar '23 Mar 31, 2023","Dec '22 Dec 31, 2022","Sep '22 Sep 30, 2022","Jun '22 Jun 30, 2022","Mar '22 Mar 31, 2022","Dec '21 Dec 31, 2021","Sep '21 Sep 30, 2021","Jun '21 Jun 30, 2021","Mar '21 Mar 31, 2021","Dec '20 Dec 31, 2020","Sep '20 Sep 30, 2020","Jun '20 Jun 30, 2020","Mar '20 Mar 31, 2020","Dec '19 Dec 31, 2019",+20 Quarters
0,Interest and Dividend Income,-534.23,8746,624.64,5141,1866,5490,5323,5392,8621,-2334,2622,6335,6097,5612,5019,4591,4533,4899,3771,4700,Upgrade
1,Total Interest Expense,2092,2128,2439,2519,2285,2430,2462,2413,2337,2413,2587,2882,2622,2327,2306,2243,2257,1856,1943,1972,Upgrade
2,Net Interest Income,-2627,6618,-1815,2623,-418.53,3060,2861,2979,6283,-4747,34.25,3453,3476,3285,2713,2348,2276,3042,1827,2728,Upgrade
3,Brokerage Commission,-3622,3622,-,-,-4413,4413,-,-,-,-,-,-,-,-,-,-,-,-,-,-,Upgrade
4,Gain on Sale of Investments (Rev),6069,-4656,4656,-156.09,1914,-296.16,296.16,-2898,-197.54,3659,806.56,-196.01,-573.17,-368.21,351.27,-38.45,530.17,-227.92,707.91,-482.38,Upgrade
5,Other Revenue,6247,68.49,2750,2697,6616,-624.99,2531,2469,-873.85,8931,3910,5868,5891,4502,5576,5682,5332,2687,5110,5804,Upgrade
6,Revenue Before Loan Losses,6067,5652,5592,5172,3698,6553,5688,2558,5212,7843,4751,9125,8794,7419,8641,7991,8137,5502,7645,8050,Upgrade
7,Provision for Loan Losses,-,-,-,24.6,-,-,-,0.52,11.53,-11.53,-,38.63,-77.56,77.56,-,160.93,-180.45,145.63,-,-317.54,Upgrade
8,Revenue,6067,5652,5592,5148,3698,6553,5688,2557,5200,7854,4751,9086,8871,7341,8641,7830,8318,5356,7645,8368,Upgrade
9,Revenue Growth (YoY),64.06%,-13.74%,-1.70%,101.32%,-28.89%,-16.57%,19.73%,-71.86%,-41.38%,6.99%,-45.02%,16.04%,6.65%,37.05%,13.03%,-6.43%,42.64%,16.72%,41.02%,37.15%,Upgrade
10,Salaries & Employee Benefits,-3263,3263,-,-,-3868,3868,-,-,-,-,-,-,-,-,-,-,-,-,-,-,Upgrade
11,Cost of Services Provided,6173,-1589,2369,3438,6600,-1647,2253,3585,2276,2594,1701,4131,2134,2378,2203,2988,2144,2026,1818,2522,Upgrade
12,Other Operating Expenses,1298,2371,1329,1163,478.64,1795,920.4,543.27,1663,1989,1714,2832,3085,2489,3400,3230,2703,1184,3131,3943,Upgrade
13,Total Operating Expenses,3823,4507,3701,4573,2860,4530,3164,3484,5014,4324,3684,6622,5602,4791,5700,6108,5252,3211,4984,6669,Upgrade
14,Operating Income,2244,1145,1891,575,837.97,2022,2524,-927.02,186.35,3530,1067,2464,3269,2550,2941,1722,3066,2146,2661,1699,Upgrade
15,Currency Exchange Gains,-6.37,-9.91,-0.71,7.86,51.24,-52.83,25.23,-32.75,-6.78,-20.22,-1.42,5.23,1.46,-37.82,8.11,-67.94,-59.87,0,28.79,-22.44,Upgrade
16,Other Non-Operating Income (Expenses),23.13,-23.13,-,-0,269.04,-45.09,44.46,-219.96,219.96,-73.28,73.28,-17.5,1.61,18.39,-2.51,-240.76,12.4,172.76,20.37,-18.04,Upgrade
17,EBT Excluding Unusual Items,1926,1447,1890,582.86,841.51,2241,2594,-1180,399.53,3437,1139,2452,3272,2530,2947,1414,3019,2319,2710,1659,Upgrade
18,Asset Writedown,6.22,-3.5,-,76.36,-29.94,-53.71,-,-65.57,61.75,-2.51,-,-14.97,10.03,-1.8,-,31.55,18.08,191.67,-244.79,-28.28,Upgrade
19,Gain (Loss) on Sale of Investments,42.67,-42.67,-,-192.07,-69.63,69.63,-,-977.79,685.34,-685.34,-,-422.75,129.09,-129.09,-,-286.68,-,-,-,-705.85,Upgrade
20,Other Unusual Items,112.57,-86.03,86.03,32.51,-,-,-,238.44,-200.1,200.1,-,309.92,1.25,-1.25,-,191.31,-,-20.37,-,165.12,Upgrade
21,Pretax Income,2124,1312,1977,499.36,744.71,2254,2594,-1986,947.31,2950,1139,2320,3412,2399,2948,1352,3041,2491,2465,1090,Upgrade
22,Income Tax Expense,275.54,105.56,319.93,38.01,0.9,184.13,393.85,-585.43,39.51,443.91,12.43,254.83,508.97,284.46,496.27,79.22,517.65,409.28,465.98,88.01,Upgrade
23,Earnings From Continuing Ops.,1848,1206,1657,461.35,743.81,2070,2200,-1401,907.81,2506,1127,2065,2903,2114,2452,1273,2523,2082,1999,1002,Upgrade
24,Minority Interest in Earnings,-126.51,-465.55,-269.11,-202.41,-144.15,-333.48,-188.82,-89.13,9.43,-214.8,-55.98,-75.94,-14.78,-24.52,-20.98,-35.61,-28.64,-34.14,-11.77,-22.86,Upgrade
25,Net Income,1722,740.46,1388,258.94,599.66,1737,2011,-1490,917.24,2291,1071,1989,2889,2090,2431,1237,2494,2047,1987,978.76,Upgrade
26,Net Income to Common,1722,740.46,1388,258.94,599.66,1737,2011,-1490,917.24,2291,1071,1989,2889,2090,2431,1237,2494,2047,1987,978.76,Upgrade
27,Net Income Growth,187.13%,-57.37%,-31.00%,-,-34.62%,-24.19%,87.77%,-,-68.25%,9.62%,-55.95%,60.77%,15.81%,2.07%,22.33%,26.39%,60.39%,52.87%,6.72%,15.32%,Upgrade
28,Shares Outstanding (Basic),26917,26953,23127,23441,26639,24943,25137,24647,25432,23305,26775,26065,24015,25768,24312,24824,25112,25381,24842,25471,Upgrade
29,Shares Outstanding (Diluted),26917,26953,23127,23441,26639,24943,25137,24647,25432,23305,26775,26065,24015,25768,24312,24824,25112,25381,24842,25471,Upgrade
30,Shares Change (YoY),1.05%,8.06%,-8.00%,-4.89%,4.74%,7.03%,-6.12%,-5.44%,5.90%,-9.56%,10.13%,5.00%,-4.37%,1.52%,-2.13%,-2.54%,-3.11%,14.57%,6.72%,10.32%,Upgrade
31,EPS (Basic),0.06,0.03,0.06,0.01,0.02,0.07,0.08,-0.06,0.04,0.10,0.04,0.08,0.12,0.08,0.10,0.05,0.10,0.08,0.08,0.04,Upgrade
32,EPS (Diluted),0.06,0.03,0.06,0.01,0.02,0.07,0.08,-0.06,0.04,0.09,0.04,0.08,0.12,0.08,0.10,0.05,0.10,0.08,0.08,0.04,Upgrade
33,EPS Growth,184.16%,-60.55%,-25.00%,-,-37.58%,-25.71%,100.00%,-,-70.02%,16.33%,-60.00%,53.59%,21.10%,0.71%,25.00%,29.29%,65.55%,32.33%,0%,4.53%,Upgrade
34,Free Cash Flow,73813,3058,-12730,18921,-2279,22660,29359,33462,-22158,16892,8519,-3873,-9064,-22757,-5586,5187,-33044,-9768,19591,14047,Upgrade
35,Free Cash Flow Per Share,2.74,0.11,-0.55,0.81,-0.09,0.91,1.17,1.36,-0.87,0.72,0.32,-0.15,-0.38,-0.88,-0.23,0.21,-1.32,-0.38,0.79,0.55,Upgrade
36,Dividend Per Share,-,0.017,-,0.056,-,-,-,0.030,-,-,-,0.100,-,-,-,0.100,-,-,-,0.080,Upgrade
37,Dividend Growth,-,-,-,86.67%,-,-,-,-70.00%,-,-,-,0%,-,-,-,25.00%,-,-,-,60.00%,Upgrade
38,Operating Margin,36.99%,20.26%,33.81%,11.17%,22.66%,30.86%,44.37%,-36.25%,3.58%,44.95%,22.46%,27.12%,36.85%,34.73%,34.04%,22.00%,36.86%,40.06%,34.81%,20.30%,Upgrade
39,Profit Margin,28.38%,13.10%,24.82%,5.03%,16.22%,26.50%,35.35%,-58.27%,17.64%,29.17%,22.54%,21.89%,32.56%,28.47%,28.14%,15.80%,29.99%,38.22%,26.00%,11.70%,Upgrade
40,Free Cash Flow Margin,1216.71%,54.10%,-227.66%,367.56%,-61.63%,345.82%,516.14%,1308.63%,-426.07%,215.06%,179.32%,-42.62%,-102.17%,-310.00%,-64.65%,66.25%,-397.27%,-182.36%,256.27%,167.87%,Upgrade
41,Effective Tax Rate,12.97%,8.05%,16.19%,7.61%,0.12%,8.17%,15.18%,-,4.17%,15.05%,1.09%,10.99%,14.92%,11.86%,16.83%,5.86%,17.02%,16.43%,18.90%,8.08%,Upgrade
42,Revenue as Reported,1557,10219,5680,5218,-,11685,5765,2553,5238,7989,4830,9416,8812,7429,8651,7930,8093,13386,7697,8172,Upgrade
