,Fiscal Quarter,Q2 2024,Q1 2024,Q4 2023,Q3 2023,Q2 2023,Q1 2023,Q4 2022,Q3 2022,Q2 2022,Q1 2022,Q4 2021,Q3 2021,Q2 2021,Q1 2021,Q4 2020,Q3 2020,Q2 2020,Q1 2020,Q4 2019,Q3 2019,+20 Quarters
,Period Ending,"Jun '24 Jun 30, 2024","Mar '24 Mar 31, 2024","Dec '23 Dec 31, 2023","Sep '23 Sep 30, 2023","Jun '23 Jun 30, 2023","Mar '23 Mar 31, 2023","Dec '22 Dec 31, 2022","Sep '22 Sep 30, 2022","Jun '22 Jun 30, 2022","Mar '22 Mar 31, 2022","Dec '21 Dec 31, 2021","Sep '21 Sep 30, 2021","Jun '21 Jun 30, 2021","Mar '21 Mar 31, 2021","Dec '20 Dec 31, 2020","Sep '20 Sep 30, 2020","Jun '20 Jun 30, 2020","Mar '20 Mar 31, 2020","Dec '19 Dec 31, 2019","Sep '19 Sep 30, 2019",+20 Quarters
0,Revenue,264.18,280.33,241.68,267.65,255.81,299.72,297.29,250.53,223.17,215.7,242.03,205.58,171.91,219.29,271.68,300.14,264.7,194.85,316.98,288.18,Upgrade
1,Revenue Growth (YoY),3.27%,-6.47%,-18.71%,6.83%,14.63%,38.95%,22.83%,21.86%,29.82%,-1.64%,-10.91%,-31.51%,-35.06%,12.54%,-14.29%,4.15%,2.27%,-10.16%,31.11%,31.14%,Upgrade
2,Cost of Revenue,177.33,171.81,160.83,148.56,157.53,158.7,156.09,133.86,134.88,118.13,148.38,115.46,105.1,101.73,110.21,128.11,117.41,103.2,151.6,112.28,Upgrade
3,Gross Profit,86.85,108.52,80.85,119.09,98.28,141.02,141.2,116.67,88.3,97.57,93.65,90.12,66.8,117.56,161.47,172.03,147.29,91.65,165.38,175.89,Upgrade
4,"Selling, General & Admin",52.14,73.22,66.66,87.64,78.55,110.42,99.25,88.9,74,75.8,82.56,80.45,61.35,94.29,142.74,143.96,125.08,73.26,129.9,144.03,Upgrade
5,Other Operating Expenses,8.2,9.33,16.61,14.27,5.9,8.51,1.64,5.49,3.69,7.38,2.19,2.6,4.68,5.18,9.43,7.79,16.33,6.87,7.16,8.09,Upgrade
6,Operating Expenses,63.53,82.56,86.07,101.91,83.52,118.93,103.74,94.4,77.7,83.18,87.18,83.05,66.03,99.47,152.04,151.75,141.4,80.12,137.37,152.12,Upgrade
7,Operating Income,23.32,25.97,-5.22,17.18,14.76,22.09,37.46,22.27,10.6,14.39,6.47,7.08,0.78,18.09,9.43,20.28,5.89,11.52,28.01,23.77,Upgrade
8,Interest Expense,-1.4,-1.07,-1.29,-1.03,-1.64,-1.6,-2.46,-1.41,-1.51,-1.65,-2.4,-1.46,-0.73,-0.01,-0.08,-0.24,-0.27,-0.24,-0.38,-0.39,Upgrade
9,Interest & Investment Income,1.71,-,1.53,1.17,1.83,1.73,2.31,1.21,1.55,1.4,1.64,3.32,2.38,2.56,3.7,3.02,1.78,0.72,2.63,2.08,Upgrade
10,Currency Exchange Gain (Loss),-,-,-0,-,0.05,-,0,0,0.02,-,-,-,0.03,-,-,-,0.03,-,0,-,Upgrade
11,Other Non Operating Income (Expenses),-0.18,-,-0.32,-,-0.64,-,0.01,-,-,-,-0.58,-,-,-,-3.34,-,-,-,-0.06,-,Upgrade
12,EBT Excluding Unusual Items,23.45,24.89,-5.31,17.32,14.36,22.22,37.33,22.07,10.66,14.14,5.13,8.95,2.45,20.64,9.71,23.07,7.44,12.01,30.21,25.46,Upgrade
13,Impairment of Goodwill,-,-,-33.1,-,-,-,-,-,-,-,-,-,-,-,-,-,-,-,-,-,Upgrade
14,Gain (Loss) on Sale of Investments,-,-,-,-,-,-,-,-,-,-,-,-,-,-,-1.56,-0.99,1.6,0.96,-0.99,0.41,Upgrade
15,Gain (Loss) on Sale of Assets,-0.06,-,-0.77,-0.14,-0.14,0.03,-2.4,-0.02,0.05,-0,-0.04,-0.54,-0.02,0.01,0.14,-2.46,0.39,-0.08,-0.09,-0.22,Upgrade
16,Asset Writedown,-,-,16.2,-,-0.06,0.06,-,-,-0.27,0.7,0.86,-,-,0.38,-,-,-,-,-3.47,-,Upgrade
17,Legal Settlements,-,-,-,-,-,-,-,-,-,-,-1.28,-,1.28,1.28,5.59,-5.59,-,-,-,-,Upgrade
18,Pretax Income,23.4,24.89,-22.98,17.18,14.17,22.31,34.93,22.05,10.44,14.84,4.67,8.41,3.72,22.31,13.88,14.03,9.42,12.88,25.66,25.66,Upgrade
19,Income Tax Expense,2.03,5.01,7.98,2.79,2.27,3.11,5.31,5.68,4.11,3.33,-2.98,4.43,-0.89,4.24,5.63,2.79,-0.05,3.11,2.76,6.53,Upgrade
20,Earnings From Continuing Operations,21.37,19.89,-30.96,14.4,11.89,19.2,29.62,16.37,6.33,11.51,7.65,3.98,4.61,18.07,8.25,11.24,9.48,9.78,22.9,19.13,Upgrade
21,Minority Interest in Earnings,-2.76,-0.59,9.58,1.23,1.73,-2.93,-11.16,-0.83,3.48,-0.97,3.11,1.58,-0.61,-2.43,-0.16,-0.98,-0.55,-0.46,0.6,-1.46,Upgrade
22,Net Income,18.61,19.3,-21.38,15.63,13.62,16.26,18.46,15.54,9.8,10.54,10.75,5.56,4,15.65,8.09,10.26,8.93,9.32,23.49,17.67,Upgrade
23,Net Income to Common,18.61,19.3,-21.38,15.63,13.62,16.26,18.46,15.54,9.8,10.54,10.75,5.56,4,15.65,8.09,10.26,8.93,9.32,23.49,17.67,Upgrade
24,Net Income Growth,36.65%,18.67%,-,0.53%,38.91%,54.29%,71.70%,179.53%,145.14%,-32.64%,32.94%,-45.78%,-55.23%,67.93%,-65.58%,-41.98%,38.91%,-23.13%,17.59%,36.27%,Upgrade
25,Shares Outstanding (Basic),1678,1678,1678,1678,1678,1678,1678,1678,1678,1678,1678,1678,1678,1678,1678,1678,1678,1678,1678,1678,Upgrade
26,Shares Outstanding (Diluted),1678,1678,1678,1678,1678,1678,1678,1678,1678,1678,1678,1678,1678,1678,1678,1678,1678,1678,1678,1678,Upgrade
27,Shares Change (YoY),-0.02%,0.02%,-,-,-,-,-,-,-,-,-,-,-,-,-,-,-,-,-,-,Upgrade
28,EPS (Basic),0.01,0.01,-0.01,0.01,0.01,0.01,0.01,0.01,0.01,0.01,0.01,0.00,0.00,0.01,0.00,0.01,0.01,0.01,0.01,0.01,Upgrade
29,EPS (Diluted),0.01,0.01,-0.01,0.01,0.01,0.01,0.01,0.01,0.01,0.01,0.01,0.00,0.00,0.01,0.00,0.01,0.01,0.01,0.01,0.01,Upgrade
30,EPS Growth,36.66%,18.65%,-,0.53%,38.91%,54.31%,71.70%,179.57%,145.15%,-32.64%,32.95%,-45.79%,-55.23%,67.93%,-65.58%,-41.98%,38.95%,-23.13%,17.60%,36.27%,Upgrade
31,Gross Margin,32.87%,38.71%,33.45%,44.49%,38.42%,47.05%,47.50%,46.57%,39.56%,45.24%,38.69%,43.84%,38.86%,53.61%,59.44%,57.32%,55.64%,47.03%,52.17%,61.04%,Upgrade
32,Operating Margin,8.83%,9.26%,-2.16%,6.42%,5.77%,7.37%,12.60%,8.89%,4.75%,6.67%,2.67%,3.44%,0.45%,8.25%,3.47%,6.76%,2.22%,5.91%,8.84%,8.25%,Upgrade
33,Profit Margin,7.04%,6.88%,-8.85%,5.84%,5.32%,5.43%,6.21%,6.20%,4.39%,4.89%,4.44%,2.70%,2.33%,7.14%,2.98%,3.42%,3.37%,4.78%,7.41%,6.13%,Upgrade
34,EBITDA,30.31,32.99,1.8,24.39,21.78,29.3,44.67,28.6,17.02,20.71,12.79,12.79,7.22,23.8,15.14,25.41,11.13,16.65,33.14,28.28,Upgrade
35,EBITDA Margin,11.47%,11.77%,0.74%,9.11%,8.51%,9.78%,15.02%,11.41%,7.63%,9.60%,5.29%,6.22%,4.20%,10.85%,5.57%,8.47%,4.21%,8.55%,10.45%,9.81%,Upgrade
36,D&A For EBITDA,6.99,7.02,7.02,7.21,7.01,7.21,7.21,6.32,6.42,6.32,6.32,5.71,6.44,5.71,5.71,5.13,5.25,5.13,5.13,4.51,Upgrade
37,EBIT,23.32,25.97,-5.22,17.18,14.76,22.09,37.46,22.27,10.6,14.39,6.47,7.08,0.78,18.09,9.43,20.28,5.89,11.52,28.01,23.77,Upgrade
38,EBIT Margin,8.83%,9.26%,-2.16%,6.42%,5.77%,7.37%,12.60%,8.89%,4.75%,6.67%,2.67%,3.44%,0.45%,8.25%,3.47%,6.76%,2.22%,5.91%,8.84%,8.25%,Upgrade
39,Effective Tax Rate,8.67%,20.12%,-,16.21%,16.05%,13.94%,15.19%,25.75%,39.39%,22.46%,-,52.72%,-,19.00%,40.54%,19.90%,-,24.10%,10.75%,25.43%,Upgrade
