,Fiscal Quarter,Q4 2024,Q3 2024,Q2 2024,Q1 2024,Q4 2023,Q3 2023,Q2 2023,Q1 2023,Q4 2022,Q3 2022,Q2 2022,Q1 2022,Q4 2021,Q3 2021,Q2 2021,Q1 2021,Q4 2020,Q3 2020,Q2 2020,Q1 2020,+20 Quarters
,Period Ending,"Dec '24 Dec 31, 2024","Sep '24 Sep 30, 2024","Jun '24 Jun 30, 2024","Mar '24 Mar 31, 2024","Dec '23 Dec 31, 2023","Sep '23 Sep 30, 2023","Jun '23 Jun 30, 2023","Mar '23 Mar 31, 2023","Dec '22 Dec 31, 2022","Sep '22 Sep 30, 2022","Jun '22 Jun 30, 2022","Mar '22 Mar 31, 2022","Dec '21 Dec 31, 2021","Sep '21 Sep 30, 2021","Jun '21 Jun 30, 2021","Mar '21 Mar 31, 2021","Dec '20 Dec 31, 2020","Sep '20 Sep 30, 2020","Jun '20 Jun 30, 2020","Mar '20 Mar 31, 2020",+20 Quarters
0,Revenue,94821,49529,54053,57570,61908,51257,50101,51945,74613,55118,59807,54539,77814,53533,73446,69104,92930,71520,44731,52108,Upgrade
1,Revenue Growth (YoY),53.17%,-3.37%,7.89%,10.83%,-17.03%,-7.01%,-16.23%,-4.76%,-4.11%,2.96%,-18.57%,-21.08%,-16.27%,-25.15%,64.20%,32.62%,-15.72%,26.07%,-38.44%,-0.66%,Upgrade
2,Cost of Revenue,69162,30323,29575,32008,52328,33807,29133,25667,52808,33521,33643,29851,37622,35602,40277,38595,52230,37371,31032,26861,Upgrade
3,Gross Profit,25659,19206,24478,25562,9580,17450,20968,26279,21805,21597,26164,24688,40193,17931,33168,30509,40700,34149,13699,25248,Upgrade
4,"Selling, General & Admin",11880,17474,20947,23017,16458,16949,18603,23952,24490,17673,23605,17810,26646,9356,21340,22000,26670,19732,23483,19117,Upgrade
5,Operating Expenses,11880,17474,20947,23017,16458,16949,18603,23952,24490,17673,23605,17810,26646,9356,21340,22000,26670,19732,23483,19117,Upgrade
6,Operating Income,13779,1733,3531,2545,-6878,500.57,2365,2327,-2685,3924,2559,6878,13547,8574,11829,8509,14030,14417,-9784,6131,Upgrade
7,Interest Expense,-1068,-1248,-936.34,-898.32,-814.75,-1733,-1468,-1707,-1549,-1516,-1631,-859.83,-690.13,-1525,-1162,-1138,-833.02,-1714,-1837,-1522,Upgrade
8,Interest & Investment Income,638.59,4.86,6.64,9.29,126.5,158.08,0.91,8.64,9.7,133.22,20.89,4.09,6.13,181.69,1.8,14.9,50.12,1.99,1.09,3.22,Upgrade
9,Other Non Operating Income (Expenses),416.22,278.78,254.75,257.07,-46.64,580.64,-51.06,-13.04,-343.64,192.31,37.01,97.8,515.25,-36.01,-59.86,-122.75,-1650,-2117,-2313,-979.41,Upgrade
10,Pretax Income,13766,768.65,2856,1913,-7613,-493.42,847.32,615.05,-4568,2734,985.8,6120,13378,7195,10609,7263,11597,10588,-13933,3633,Upgrade
11,Income Tax Expense,2937,-,-,-,-179.98,-456.73,764.28,242.39,-218.4,-246.79,542.5,1300,1544,1655,1791,1420,1200,92.33,263.08,860.79,Upgrade
12,Earnings From Continuing Operations,10829,768.65,2856,1913,-7433,-36.69,83.04,372.66,-4350,2980,443.31,4820,11834,5541,8819,5843,10398,10496,-14196,2772,Upgrade
13,Minority Interest in Earnings,-563.31,-1051,-625.13,-374.44,1867,-43.01,-102.48,-105.34,-238.62,-1029,-157.21,-2450,-1388,-338.97,-602.68,-351.55,-1667,-191.04,1706,-109.45,Upgrade
14,Net Income,10266,-282.03,2230,1539,-5566,-79.7,-19.45,267.32,-4589,1952,286.1,2370,10447,5202,8216,5492,8731,10304,-12491,2663,Upgrade
15,Net Income to Common,10266,-282.03,2230,1539,-5566,-79.7,-19.45,267.32,-4589,1952,286.1,2370,10447,5202,8216,5492,8731,10304,-12491,2663,Upgrade
16,Net Income Growth,-,-,-,475.68%,-,-,-,-88.72%,-,-62.48%,-96.52%,-56.84%,19.65%,-49.52%,-,106.25%,9.34%,261.56%,-,-33.91%,Upgrade
17,Shares Outstanding (Basic),28,28,28,27,28,27,19,27,28,28,29,14,14,14,14,14,14,14,14,14,Upgrade
18,Shares Outstanding (Diluted),28,28,28,27,28,27,19,27,28,28,29,14,14,14,14,14,14,14,14,14,Upgrade
19,Shares Change (YoY),0.15%,6.16%,41.60%,2.80%,-0.31%,-3.59%,-32.03%,93.61%,100.22%,99.54%,107.19%,0.04%,0.02%,0.07%,0.05%,0.21%,-0.02%,0.07%,0.18%,-0.29%,Upgrade
20,EPS (Basic),372.00,-10.00,81.00,56.00,-202.00,-3.00,-1.00,10.00,-166.00,70.83,10.00,171.67,756.67,376.67,595.00,397.92,632.50,746.67,-905.00,193.33,Upgrade
21,EPS (Diluted),372.00,-10.00,81.00,56.00,-202.00,-3.00,-1.00,10.00,-166.00,70.83,10.00,171.67,756.67,376.67,595.00,397.92,632.50,746.67,-905.00,193.33,Upgrade
22,EPS Growth,-,-,-,460.00%,-,-,-,-94.17%,-,-81.19%,-98.32%,-56.86%,19.63%,-49.55%,-,105.82%,9.37%,261.29%,-,-33.71%,Upgrade
23,Free Cash Flow,79471,-34956,18273,-61493,-,-1356,31898,-56104,-,-61615,-,-23898,-,29327,-16863,-16863,-69.88,16203,8453,-47152,Upgrade
24,Free Cash Flow Per Share,2879.72,-1239.45,663.59,-2237.69,-,-51.03,1640.30,-2098.76,-,-2236.04,-,-1730.84,-,2123.65,-1221.21,-1221.90,-5.06,1174.08,612.47,-3423.74,Upgrade
25,Dividend Per Share,-,-,-,-,-,-,-,-,-,-,-,-,500.000,-,-,-,416.667,-,-,-,Upgrade
26,Dividend Growth,-,-,-,-,-,-,-,-,-,-,-,-,20.00%,-,-,-,-,-,-,-,Upgrade
27,Gross Margin,27.06%,38.78%,45.28%,44.40%,15.47%,34.04%,41.85%,50.59%,29.22%,39.18%,43.75%,45.27%,51.65%,33.49%,45.16%,44.15%,43.80%,47.75%,30.62%,48.45%,Upgrade
28,Operating Margin,14.53%,3.50%,6.53%,4.42%,-11.11%,0.98%,4.72%,4.48%,-3.60%,7.12%,4.28%,12.61%,17.41%,16.02%,16.11%,12.31%,15.10%,20.16%,-21.87%,11.77%,Upgrade
29,Profit Margin,10.83%,-0.57%,4.13%,2.67%,-8.99%,-0.16%,-0.04%,0.51%,-6.15%,3.54%,0.48%,4.35%,13.42%,9.72%,11.19%,7.95%,9.40%,14.41%,-27.92%,5.11%,Upgrade
30,Free Cash Flow Margin,83.81%,-70.58%,33.81%,-106.81%,-,-2.65%,63.67%,-108.01%,-,-111.79%,-,-43.82%,-,54.78%,-22.96%,-24.40%,-0.08%,22.66%,18.90%,-90.49%,Upgrade
31,EBITDA,16501,5955,6271,5868,-2853,4509,6421,6677,1881,8490,7427,11882,18682,13513,16933,13613,19581,19779,-4845,10899,Upgrade
32,EBITDA Margin,17.40%,12.02%,11.60%,10.19%,-4.61%,8.80%,12.82%,12.85%,2.52%,15.40%,12.42%,21.79%,24.01%,25.24%,23.06%,19.70%,21.07%,27.66%,-10.83%,20.92%,Upgrade
33,D&A For EBITDA,2722,4223,2740,3323,4025,4008,4056,4350,4566,4566,4868,5004,5135,4939,5104,5104,5551,5362,4939,4768,Upgrade
34,EBIT,13779,1733,3531,2545,-6878,500.57,2365,2327,-2685,3924,2559,6878,13547,8574,11829,8509,14030,14417,-9784,6131,Upgrade
35,EBIT Margin,14.53%,3.50%,6.53%,4.42%,-11.11%,0.98%,4.72%,4.48%,-3.60%,7.12%,4.28%,12.61%,17.41%,16.02%,16.11%,12.31%,15.10%,20.16%,-21.87%,11.77%,Upgrade
36,Effective Tax Rate,21.33%,-,-,-,-,-,90.20%,39.41%,-,-,55.03%,21.25%,11.54%,23.00%,16.88%,19.55%,10.35%,0.87%,-,23.69%,Upgrade
37,Revenue as Reported,94821,49529,54053,57570,61908,51257,50101,51945,74613,55118,59807,54539,77814,53533,73446,69104,92930,71520,44731,52108,Upgrade
