,Fiscal Quarter,Q3 2024,Q2 2024,Q1 2024,Q4 2023,Q3 2023,Q2 2023,Q1 2023,Q4 2022,Q3 2022,Q2 2022,Q1 2022,Q4 2021,Q3 2021,Q2 2021,Q1 2021,Q4 2020,Q3 2020,Q2 2020,Q1 2020,Q4 2019,+20 Quarters
,Period Ending,"Sep '24 Sep 30, 2024","Jun '24 Jun 30, 2024","Mar '24 Mar 31, 2024","Dec '23 Dec 31, 2023","Sep '23 Sep 30, 2023","Jun '23 Jun 30, 2023","Mar '23 Mar 31, 2023","Dec '22 Dec 31, 2022","Sep '22 Sep 30, 2022","Jun '22 Jun 30, 2022","Mar '22 Mar 31, 2022","Dec '21 Dec 31, 2021","Sep '21 Sep 30, 2021","Jun '21 Jun 30, 2021","Mar '21 Mar 31, 2021","Dec '20 Dec 31, 2020","Sep '20 Sep 30, 2020","Jun '20 Jun 30, 2020","Mar '20 Mar 31, 2020","Dec '19 Dec 31, 2019",+20 Quarters
0,Operating Revenue,1106,870.77,1111,-85.16,1642,1475,1721,818.95,2535,2739,1958,2348,1668,1480,1296,1789,2325,544.88,617.95,700.14,Upgrade
1,Other Revenue,-129.61,129.61,-,324.23,-147.17,147.17,-,263.8,-79.14,79.14,-,142.29,-70.21,70.21,-,139.2,-75.12,75.12,-,135,Upgrade
2,Revenue,976.73,1000,1111,239.08,1495,1622,1721,1083,2456,2818,1958,2490,1597,1551,1296,1929,2250,620,617.95,835.13,Upgrade
3,Revenue Growth (YoY),-34.68%,-38.34%,-35.46%,-77.92%,-39.12%,-42.43%,-12.10%,-56.52%,53.73%,81.72%,51.00%,29.13%,-29.00%,150.11%,109.80%,130.94%,139.50%,-12.50%,-33.45%,17.22%,Upgrade
4,Operations & Maintenance,-10.84,10.84,-,22.91,-11.63,11.63,-,17.11,-8.6,8.6,-,14.76,-4.03,4.03,-,11.95,-5.69,5.69,-,24.79,Upgrade
5,"Selling, General & Admin",102.78,71.66,94.74,83.19,111.01,78.25,81.72,76.44,96.68,71.07,81.15,71.47,81.48,58.6,73.81,64.63,72.78,50.17,54.49,45.95,Upgrade
6,Provision for Bad Debts,-0.47,-2.99,3.6,0.43,8.1,-4.4,4.7,-1.48,1.45,-0.99,-3.97,15.49,-4.01,5.94,-3.87,8.53,-5.71,-1.51,-1.06,-1.5,Upgrade
7,Other Operating Expenses,853.28,884.98,932.99,83.66,1336,1496,1578,1007,2344,2656,1789,2327,1489,1405,1113,1798,2127,514.53,554.38,752.78,Upgrade
8,Total Operating Expenses,953.97,972.2,1040,195.83,1451,1598,1674,1110,2446,2743,1874,2440,1571,1483,1186,1886,2188,568.87,607.81,822.01,Upgrade
9,Operating Income,22.76,28.18,70.63,43.25,43.9,24.37,46.99,-27.04,9.72,74.99,83.81,50.38,26.36,67.44,110.48,42.69,61.94,51.13,10.14,13.12,Upgrade
10,Interest Expense,-44.17,-40.52,-42.97,-30.52,-42.72,-46.45,-40.53,-24.66,-38.17,-36.92,-35.28,-28.02,-24.83,-27.86,-20.28,-22.7,-14,-10.25,-10.49,-14.39,Upgrade
11,Interest Income,128.16,104.78,88.59,75.03,79,100.46,68.53,51.08,177.45,91.24,18.76,135.4,29.55,53.22,34.26,16.97,80.42,-5.52,60.94,18.46,Upgrade
12,Net Interest Expense,83.99,64.26,45.62,44.51,36.28,54.01,28,26.42,139.28,54.31,-16.52,107.39,4.73,25.36,13.97,-5.73,66.42,-15.77,50.45,4.07,Upgrade
13,Currency Exchange Gain (Loss),-0.79,0.79,-,2.5,-6.17,6.17,-,-0.78,1.15,-1.15,-,-1.82,0.12,-0.12,-,0.38,-0.27,0.27,-,0.44,Upgrade
14,Other Non-Operating Income (Expenses),8.15,-5.1,2.3,-166.79,149.5,3.04,-1.42,-5.23,4.29,-4.47,4.77,-12.83,-4.47,6.83,-0.23,-28.15,4.18,6.92,1.34,-9.45,Upgrade
15,EBT Excluding Unusual Items,114.11,88.13,118.55,-76.53,223.51,87.59,73.57,-6.63,154.44,123.69,72.07,143.12,26.74,99.51,124.22,9.18,132.27,42.55,61.92,8.19,Upgrade
16,Gain (Loss) on Sale of Investments,-11.61,25.01,-89.27,79.37,-39.1,-24.68,-64.98,149.62,-91.44,-51.67,-12.88,-69.17,56.13,-32.46,-42.93,95.39,-25.43,13.57,-11.64,-6.96,Upgrade
17,Gain (Loss) on Sale of Assets,0.12,4.33,0.86,0.3,-0.25,0.25,0.59,-0.24,-0.02,0.05,-0.03,-0.68,1.37,-1.63,-,-1.53,0.58,0.05,-,-0.54,Upgrade
18,Asset Writedown,-0.07,-0.01,-,0.75,-0.3,-1.7,1.16,-1.76,14.31,-5.22,-8.29,-2.6,2.58,3.57,-3.57,6.15,-9.03,8.08,-8.08,-1.67,Upgrade
19,Insurance Settlements,-,-,-,-,-,-,-,-,-0.56,0.56,-,-,-,-,-,-,-,-,-,-,Upgrade
20,Other Unusual Items,-5.61,5.61,-,194.45,-141.8,141.8,-,97.38,-9.94,9.94,-,235.71,-,-,-,29.92,-9.61,9.61,-,21.2,Upgrade
21,Pretax Income,96.95,123.08,30.14,198.34,42.07,203.26,10.33,238.38,66.79,77.34,50.87,306.38,86.82,68.99,77.72,139.11,88.78,73.85,42.2,20.23,Upgrade
22,Income Tax Expense,13.37,11.23,-9.93,45.9,-14.35,-5.82,-11.63,77.86,-26.2,5.79,-1.94,-9.47,15.83,10.82,9.38,24.31,14.01,9.59,6.55,3.61,Upgrade
23,Earnings From Continuing Ops.,83.58,111.85,40.07,152.44,56.42,209.09,21.96,160.52,92.99,71.55,52.81,315.84,70.99,58.17,68.34,114.8,74.77,64.26,35.65,16.62,Upgrade
24,Minority Interest in Earnings,-10.64,-16.08,-11.53,-4.26,-8.38,-11.8,-14.09,-5.47,-11.6,-8.82,-8.61,-9.68,-9.08,-7.75,-13.09,-4.06,-9.4,-5.4,-10.54,-7.42,Upgrade
25,Net Income,72.94,95.77,28.54,148.18,48.05,197.29,7.87,155.05,81.4,62.73,44.19,306.16,61.91,50.42,55.25,110.74,65.37,58.87,25.11,9.2,Upgrade
26,Net Income to Common,72.94,95.77,28.54,148.18,48.05,197.29,7.87,155.05,81.4,62.73,44.19,306.16,61.91,50.42,55.25,110.74,65.37,58.87,25.11,9.2,Upgrade
27,Net Income Growth,51.81%,-51.46%,262.87%,-4.43%,-40.97%,214.49%,-82.20%,-49.36%,31.47%,24.41%,-20.01%,176.46%,-5.29%,-14.34%,120.06%,1103.59%,69.17%,124.14%,-41.01%,-80.57%,Upgrade
28,Shares Outstanding (Basic),1118,1116,1106,1104,1113,1123,1092,1080,1159,1094,1086,1086,1086,1087,1088,957,1117,1117,1087,956,Upgrade
29,Shares Outstanding (Diluted),1118,1131,1111,1115,1113,1132,1108,1080,1180,1100,1105,1106,1104,1101,1101,974,1117,1117,1087,956,Upgrade
30,Shares Change (YoY),0.40%,-0.06%,0.25%,3.20%,-5.69%,2.92%,0.27%,-2.30%,6.93%,-0.10%,0.38%,13.49%,-1.19%,-1.45%,1.26%,1.93%,2.92%,-3.18%,6.49%,16.51%,Upgrade
31,EPS (Basic),0.07,0.09,0.03,0.13,0.04,0.18,0.01,0.14,0.07,0.06,0.04,0.28,0.06,0.05,0.05,0.12,0.06,0.05,0.02,0.01,Upgrade
32,EPS (Diluted),0.07,0.08,0.03,0.13,0.04,0.17,0.01,0.14,0.07,0.06,0.04,0.28,0.06,0.05,0.05,0.11,0.06,0.05,0.02,0.01,Upgrade
33,EPS Growth,51.21%,-51.43%,261.97%,-7.39%,-37.41%,205.58%,-82.25%,-48.16%,22.95%,24.54%,-20.32%,143.60%,-4.15%,-13.08%,117.32%,1080.94%,64.36%,131.52%,-44.60%,-83.32%,Upgrade
34,Free Cash Flow,-142.97,163.14,55.81,-76.64,-321.84,43.1,-57.85,-920.46,182.64,269.74,178.9,-475.16,6.52,-129.09,-56.76,-379.93,-151.46,125.54,172.89,-238.05,Upgrade
35,Free Cash Flow Per Share,-0.13,0.14,0.05,-0.07,-0.29,0.04,-0.05,-0.85,0.15,0.25,0.16,-0.43,0.01,-0.12,-0.05,-0.39,-0.14,0.11,0.16,-0.25,Upgrade
36,Dividend Per Share,-,-,-,0.150,-,-,-,0.135,-,-,-,0.170,-,-,-,0.135,-,-,-,0.050,Upgrade
37,Dividend Growth,-,-,-,11.11%,-,-,-,-20.59%,-,-,-,25.93%,-,-,-,170.00%,-,-,-,-24.24%,Upgrade
38,Profit Margin,7.47%,9.57%,2.57%,61.98%,3.21%,12.16%,0.46%,14.32%,3.31%,2.23%,2.26%,12.29%,3.88%,3.25%,4.26%,5.74%,2.91%,9.49%,4.06%,1.10%,Upgrade
39,Free Cash Flow Margin,-14.64%,16.31%,5.03%,-32.06%,-21.52%,2.66%,-3.36%,-85.01%,7.44%,9.57%,9.14%,-19.08%,0.41%,-8.32%,-4.38%,-19.70%,-6.73%,20.25%,27.98%,-28.50%,Upgrade
40,EBITDA,101.76,121.37,149.64,122.25,107.24,96.9,110.32,36.3,65.31,134.07,139.39,105.96,78.49,118.59,162.6,94.81,111.28,99.77,59.48,62.46,Upgrade
41,EBITDA Margin,10.42%,12.13%,13.47%,51.13%,7.17%,5.97%,6.41%,3.35%,2.66%,4.76%,7.12%,4.25%,4.91%,7.65%,12.54%,4.92%,4.95%,16.09%,9.63%,7.48%,Upgrade
42,D&A For EBITDA,79,93.19,79,79,63.34,72.53,63.34,63.34,55.58,59.07,55.58,55.58,52.12,51.14,52.12,52.12,49.34,48.64,49.34,49.34,Upgrade
43,EBIT,22.76,28.18,70.63,43.25,43.9,24.37,46.99,-27.04,9.72,74.99,83.81,50.38,26.36,67.44,110.48,42.69,61.94,51.13,10.14,13.12,Upgrade
44,EBIT Margin,2.33%,2.82%,6.36%,18.09%,2.94%,1.50%,2.73%,-2.50%,0.40%,2.66%,4.28%,2.02%,1.65%,4.35%,8.52%,2.21%,2.75%,8.25%,1.64%,1.57%,Upgrade
45,Effective Tax Rate,13.79%,9.12%,-,23.14%,-,-,-,32.66%,-,7.49%,-,-,18.23%,15.68%,12.07%,17.47%,15.78%,12.98%,15.52%,17.84%,Upgrade
46,Revenue as Reported,976.73,1000,1111,239.08,1495,1622,1721,1083,2456,2818,1958,2490,1597,1551,1296,1929,2250,620,617.95,835.13,Upgrade
