,Fiscal Quarter,Q3 2024,Q2 2024,Q1 2024,Q4 2023,Q3 2023,Q2 2023,Q1 2023,Q4 2022,Q3 2022,Q2 2022,Q1 2022,Q4 2021,Q3 2021,Q2 2021,Q1 2021,Q4 2020,Q3 2020,Q2 2020,Q1 2020,Q4 2019,+20 Quarters
,Period Ending,"Sep '24 Sep 30, 2024","Jun '24 Jun 30, 2024","Mar '24 Mar 31, 2024","Dec '23 Dec 31, 2023","Sep '23 Sep 30, 2023","Jun '23 Jun 30, 2023","Mar '23 Mar 31, 2023","Dec '22 Dec 31, 2022","Sep '22 Sep 30, 2022","Jun '22 Jun 30, 2022","Mar '22 Mar 31, 2022","Dec '21 Dec 31, 2021","Sep '21 Sep 30, 2021","Jun '21 Jun 30, 2021","Mar '21 Mar 31, 2021","Dec '20 Dec 31, 2020","Sep '20 Sep 30, 2020","Jun '20 Jun 30, 2020","Mar '20 Mar 31, 2020","Dec '19 Dec 31, 2019",+20 Quarters
0,Operating Revenue,101.88,96.08,100.55,123.56,129.63,121.55,107.55,59.1,95.88,68.15,83.62,88.5,121.55,171.49,169.82,191.38,161.33,179.82,97.42,147.91,Upgrade
1,Other Revenue,-3.66,3.66,-,5.43,-1.31,1.31,-,23.85,-9.13,9.13,-,17.17,-10,10,-,12.13,-4.36,4.36,-,17.85,Upgrade
2,Revenue,98.22,99.74,100.55,128.98,128.32,122.86,107.55,82.95,86.76,77.28,83.62,105.67,111.55,181.5,169.82,203.51,156.97,184.18,97.42,165.76,Upgrade
3,Revenue Growth (YoY),-23.46%,-18.82%,-6.50%,55.50%,47.91%,58.98%,28.62%,-21.51%,-22.22%,-57.42%,-50.76%,-48.08%,-28.94%,-1.46%,74.31%,22.77%,88.72%,60.24%,-30.13%,94.63%,Upgrade
4,Cost of Revenue,87.17,89.81,87.46,117.67,113.96,110.28,95.21,90.18,76.8,63.56,73.18,89.56,97.1,152.62,138.25,180.35,133.36,149.38,83.73,122.74,Upgrade
5,Gross Profit,11.05,9.93,13.09,11.31,14.37,12.58,12.33,-7.23,9.96,13.72,10.44,16.11,14.45,28.87,31.57,23.16,23.61,34.79,13.69,43.02,Upgrade
6,"Selling, General & Admin",10.52,13.08,11.21,18.12,14.01,12.02,9.53,22.84,9.35,11.94,8.45,9.46,16.53,22.15,19.75,-0.21,19.87,24.48,14.7,26.96,Upgrade
7,Research & Development,2.38,2.38,2.99,-0.68,3.94,3.25,2.74,3.47,2.08,3.21,2.64,4.42,4.58,5.65,8.51,11.62,7.51,8.22,5.4,9.25,Upgrade
8,Other Operating Expenses,-8.46,2.52,0.07,-2.17,-5.1,-1.49,0.68,6.29,-0.36,0.44,0.05,6.48,-3.13,2.09,1.14,2.19,0.45,0.59,-7.94,3.14,Upgrade
9,Operating Expenses,4.38,17.9,14.23,12.95,12.71,13.54,12.93,31.74,10.75,15.54,11.02,18.39,18,29.87,29.4,18.5,27.84,33.29,12.16,43.05,Upgrade
10,Operating Income,6.67,-7.97,-1.14,-1.64,1.66,-0.96,-0.6,-38.98,-0.79,-1.83,-0.58,-2.28,-3.55,-0.99,2.17,4.66,-4.23,1.5,1.53,-0.03,Upgrade
11,Interest Expense,-,-0,-,-0.09,-,-,-,-0.11,-,-,-,-,-0.01,-0.27,-0.28,-0.31,-0.32,-0.3,-0.25,-0.05,Upgrade
12,Interest & Investment Income,0.49,0.59,0.65,0.66,0.93,1.07,1.11,1.02,0.95,0.9,0.87,0.88,0.86,0.97,1.02,1.09,1.65,1.02,0.82,0.19,Upgrade
13,Currency Exchange Gain (Loss),-,-,-,-,-,-,-,-0.01,-,-,-,-,-,-,-,-,-,-,-,-,Upgrade
14,Other Non Operating Income (Expenses),-0,0.09,0.01,-0.01,0.67,0.29,0.16,-0.31,0.7,0.21,0.11,3.22,0.31,0.27,0.89,2.74,0,-0.14,0.12,0.05,Upgrade
15,EBT Excluding Unusual Items,7.16,-7.28,-0.49,-1.08,3.25,0.39,0.67,-38.38,0.86,-0.72,0.4,1.81,-2.39,-0.03,3.81,8.17,-2.9,2.07,2.23,0.16,Upgrade
16,Gain (Loss) on Sale of Assets,-0.1,0.1,0.03,0.36,-0,0,-,-,-0.12,-0.17,-,0,-,-,-,-,0.05,-,-,1.08,Upgrade
17,Asset Writedown,-,-,-,-,-,-,-,-,-,-,-,-0.06,0.06,-,-,-2.03,2.03,-,-,-0.96,Upgrade
18,Other Unusual Items,-6.95,7.68,1.08,1.05,-,-,-,8,-0.6,0.6,-,8.19,-2.88,1.6,-,1.29,-,-,-,10.61,Upgrade
19,Pretax Income,0.1,0.5,0.63,0.32,3.25,0.39,0.67,-30.38,0.14,-0.28,0.4,9.95,-5.21,1.57,3.81,7.43,-0.82,2.07,2.23,10.89,Upgrade
20,Income Tax Expense,-,-,-,1.78,-,-,-,-2.32,-,-,-,1.34,-,0.02,-0.01,0.64,0.04,0.01,0.01,0.31,Upgrade
21,Net Income,0.1,0.5,0.63,-1.45,3.25,0.39,0.67,-28.06,0.14,-0.28,0.4,8.61,-5.21,1.56,3.82,6.79,-0.86,2.05,2.22,10.59,Upgrade
22,Net Income to Common,0.1,0.5,0.63,-1.45,3.25,0.39,0.67,-28.06,0.14,-0.28,0.4,8.61,-5.21,1.56,3.82,6.79,-0.86,2.05,2.22,10.59,Upgrade
23,Net Income Growth,-96.82%,27.28%,-5.58%,-,2235.64%,-,66.24%,-,-,-,-89.51%,26.75%,-,-24.23%,72.13%,-35.87%,-,163.95%,-26.69%,-,Upgrade
24,Shares Outstanding (Basic),1645,989,1065,997,1109,1010,1109,1064,1494,1357,1001,1069,2620,1089,1060,1052,1064,1080,1056,1007,Upgrade
25,Shares Outstanding (Diluted),1645,989,1065,997,1109,1010,1109,1064,1494,1357,1001,1069,2620,1089,1060,1052,1064,1080,1056,1007,Upgrade
26,Shares Change (YoY),48.27%,-2.04%,-3.98%,-6.36%,-25.77%,-25.61%,10.83%,-0.42%,-42.96%,24.66%,-5.57%,1.62%,146.28%,0.85%,0.41%,4.40%,8.88%,10.81%,8.22%,0.74%,Upgrade
27,EPS (Basic),0.00,0.00,0.00,-0.00,0.00,0.00,0.00,-0.03,0.00,-0.00,0.00,0.01,-0.00,0.00,0.00,0.01,-0.00,0.00,0.00,0.01,Upgrade
28,EPS (Diluted),0.00,0.00,0.00,-0.00,0.00,0.00,0.00,-0.03,0.00,-0.00,0.00,0.01,-0.00,0.00,0.00,0.01,-0.00,0.00,0.00,0.01,Upgrade
29,EPS Growth,-97.88%,29.74%,-1.67%,-,3079.35%,-,50.00%,-,-,-,-88.89%,24.73%,-,-24.87%,71.43%,-38.57%,-,138.35%,-32.26%,-,Upgrade
30,Free Cash Flow,-37.8,-9.84,-20,-28.93,-44.43,0.42,-17.65,-17.67,-12.17,31.94,-2.19,34.75,3.89,22.74,-39.93,-28.63,6.36,24.74,-2.15,-12.19,Upgrade
31,Free Cash Flow Per Share,-0.02,-0.01,-0.02,-0.03,-0.04,0.00,-0.02,-0.02,-0.01,0.02,-0.00,0.03,0.00,0.02,-0.04,-0.03,0.01,0.02,-0.00,-0.01,Upgrade
32,Gross Margin,11.25%,9.95%,13.02%,8.77%,11.19%,10.24%,11.47%,-8.72%,11.48%,17.75%,12.48%,15.25%,12.95%,15.91%,18.59%,11.38%,15.04%,18.89%,14.05%,25.96%,Upgrade
33,Operating Margin,6.79%,-7.99%,-1.14%,-1.27%,1.29%,-0.78%,-0.56%,-46.99%,-0.91%,-2.36%,-0.70%,-2.16%,-3.19%,-0.55%,1.28%,2.29%,-2.69%,0.81%,1.57%,-0.02%,Upgrade
34,Profit Margin,0.11%,0.50%,0.63%,-1.13%,2.53%,0.32%,0.62%,-33.82%,0.16%,-0.37%,0.48%,8.14%,-4.67%,0.86%,2.25%,3.34%,-0.55%,1.12%,2.28%,6.39%,Upgrade
35,Free Cash Flow Margin,-38.48%,-9.87%,-19.89%,-22.43%,-34.62%,0.34%,-16.42%,-21.30%,-14.03%,41.33%,-2.62%,32.89%,3.48%,12.53%,-23.51%,-14.07%,4.05%,13.43%,-2.21%,-7.35%,Upgrade
36,EBITDA,14.15,0.42,6.33,5.84,8.61,6.07,6.36,-32.02,7,5.28,7.21,5.51,5.01,6.96,10.74,13.22,3.96,10.27,9.72,8.16,Upgrade
37,EBITDA Margin,14.40%,0.42%,6.30%,4.53%,6.71%,4.94%,5.91%,-38.60%,8.07%,6.83%,8.62%,5.21%,4.49%,3.83%,6.32%,6.50%,2.52%,5.58%,9.98%,4.92%,Upgrade
38,D&A For EBITDA,7.48,8.39,7.48,7.48,6.96,7.03,6.96,6.96,7.79,7.1,7.79,7.79,8.56,7.95,8.56,8.56,8.19,8.77,8.19,8.19,Upgrade
39,EBIT,6.67,-7.97,-1.14,-1.64,1.66,-0.96,-0.6,-38.98,-0.79,-1.83,-0.58,-2.28,-3.55,-0.99,2.17,4.66,-4.23,1.5,1.53,-0.03,Upgrade
40,EBIT Margin,6.79%,-7.99%,-1.14%,-1.27%,1.29%,-0.78%,-0.56%,-46.99%,-0.91%,-2.36%,-0.70%,-2.16%,-3.19%,-0.55%,1.28%,2.29%,-2.69%,0.81%,1.57%,-0.02%,Upgrade
41,Effective Tax Rate,-,-,-,550.49%,-,-,-,-,-,-,-,13.47%,-,1.17%,-,8.63%,-,0.71%,0.43%,2.81%,Upgrade
42,Revenue as Reported,98.22,99.74,100.55,128.98,128.32,122.86,107.55,82.95,86.76,77.28,83.62,105.67,111.55,181.5,169.82,203.51,156.97,184.18,97.42,165.76,Upgrade
