,Fiscal Quarter,Q4 2024,Q3 2024,Q2 2024,Q1 2024,Q4 2023,Q3 2023,Q2 2023,Q1 2023,Q4 2022,Q3 2022,Q2 2022,Q1 2022,Q4 2021,Q3 2021,Q2 2021,Q1 2021,Q4 2020,Q3 2020,Q2 2020,Q1 2020,+20 Quarters
,Period Ending,"Dec '24 Dec 31, 2024","Sep '24 Sep 30, 2024","Jun '24 Jun 30, 2024","Mar '24 Mar 31, 2024","Dec '23 Dec 31, 2023","Sep '23 Sep 30, 2023","Jun '23 Jun 30, 2023","Mar '23 Mar 31, 2023","Dec '22 Dec 31, 2022","Sep '22 Sep 30, 2022","Jun '22 Jun 30, 2022","Mar '22 Mar 31, 2022","Dec '21 Dec 31, 2021","Sep '21 Sep 30, 2021","Jun '21 Jun 30, 2021","Mar '21 Mar 31, 2021","Dec '20 Dec 31, 2020","Sep '20 Sep 30, 2020","Jun '20 Jun 30, 2020","Mar '20 Mar 31, 2020",+20 Quarters
0,Revenue,137.19,62.58,53.33,54.65,52.46,38.71,39.31,43.5,36.6,41.43,42.09,39.12,43.82,35.21,27.6,35.77,23.64,23.11,21.13,25.7,Upgrade
1,Revenue Growth (YoY),161.53%,61.65%,35.66%,25.64%,43.34%,-6.56%,-6.60%,11.19%,-16.49%,17.66%,52.51%,9.37%,85.40%,52.37%,30.61%,39.20%,-20.49%,-7.16%,-14.73%,0.23%,Upgrade
2,Cost of Revenue,119.33,49.5,43.85,46.14,44.55,31.26,32.79,33.49,26.22,31.75,32.24,29.85,33.84,26.85,19.98,26.97,17.44,17.22,14.86,19.16,Upgrade
3,Gross Profit,17.86,13.08,9.48,8.51,7.9,7.46,6.52,10.01,10.38,9.69,9.85,9.28,9.98,8.37,7.61,8.8,6.2,5.89,6.27,6.54,Upgrade
4,"Selling, General & Admin",10.69,9.31,9.07,8.69,10.35,8.88,8.17,9.03,8.07,8.86,8.61,8.77,7.94,7.36,6.7,7.8,5.94,5.74,5.96,5.97,Upgrade
5,Operating Expenses,10.69,9.31,9.07,8.69,10.35,8.88,8.17,9.03,8.07,8.86,8.61,8.77,7.94,7.36,6.7,7.8,5.94,5.74,5.96,5.97,Upgrade
6,Operating Income,7.17,3.78,0.41,-0.18,-2.45,-1.42,-1.65,0.98,2.31,0.83,1.24,0.51,2.04,1.01,0.92,1.01,0.26,0.15,0.31,0.57,Upgrade
7,Interest Expense,-0.44,-1.22,-0.64,-0.61,-0.88,-0.87,-0.36,-0.35,-0.31,-0.32,-0.19,-0.24,-0.2,-0.33,-0.17,-,-,-0.19,-,-,Upgrade
8,Interest & Investment Income,1.39,-,0.69,-,1.15,-,0.51,-,0.37,-,0.07,-,0.08,-,0.06,-,0.33,-,0.19,-,Upgrade
9,Earnings From Equity Investments,1.72,-0.26,0.15,1.12,1.63,1.63,2.53,1.12,-1.99,-0.65,-2.22,-2,0.94,-0.92,1.35,4.86,0.74,2.2,8.05,3.44,Upgrade
10,Currency Exchange Gain (Loss),-0.24,0.52,-0.52,-,-0.3,0.8,-0.8,-,-1.62,0.91,-0.92,-,0.22,-0.02,0.02,-,-0.16,-0,0,-,Upgrade
11,Other Non Operating Income (Expenses),-2.09,1.95,0.66,1.55,0.44,0.48,0.26,0.47,2.29,-1.55,0.6,0.27,0.03,1.02,0.14,0.63,1.81,0.71,0.5,0.2,Upgrade
12,EBT Excluding Unusual Items,7.52,4.77,0.75,1.88,-0.41,0.62,0.48,2.22,1.04,-0.79,-1.43,-1.47,3.09,0.77,2.31,6.49,2.98,2.88,9.05,4.21,Upgrade
13,Merger & Restructuring Charges,-,-,-,-,-,-,-,-,-,-,-,-,-0.01,18.62,-,-,-,-,-,-,Upgrade
14,Gain (Loss) on Sale of Assets,1.14,-0.93,0.93,-,0.03,-,-,-,-0.11,-,-,-,0.06,-,-,-,0.04,-0.12,0.12,-,Upgrade
15,Pretax Income,8.65,3.84,1.68,1.88,-0.38,0.62,0.48,2.22,0.93,-0.79,-1.43,-1.47,3.14,19.39,2.31,6.49,3.02,2.76,9.17,4.21,Upgrade
16,Income Tax Expense,0.34,0.97,0.4,0.43,-0.09,0.72,0.24,0.19,-0.13,0.59,0.69,0.36,0.21,3.32,0.47,0.63,0.16,0.17,0.4,0.43,Upgrade
17,Earnings From Continuing Operations,8.31,2.87,1.28,1.45,-0.29,-0.1,0.25,2.04,1.06,-1.38,-2.11,-1.83,2.93,16.06,1.84,5.86,2.86,2.59,8.77,3.79,Upgrade
18,Minority Interest in Earnings,-1.41,-0.57,-0.31,-0.46,0.7,0.23,0.04,-0.29,-0.83,-0.54,-0.78,-0.26,-0.83,-5.33,-0.37,-0.61,-0.6,-0.18,-0.4,-0.57,Upgrade
19,Net Income,6.91,2.3,0.97,0.99,0.41,0.12,0.28,1.75,0.23,-1.92,-2.9,-2.09,2.1,10.74,1.47,5.25,2.26,2.41,8.37,3.22,Upgrade
20,Net Income to Common,6.91,2.3,0.97,0.99,0.41,0.12,0.28,1.75,0.23,-1.92,-2.9,-2.09,2.1,10.74,1.47,5.25,2.26,2.41,8.37,3.22,Upgrade
21,Net Income Growth,1605.19%,1800.00%,247.86%,-43.39%,80.00%,-,-,-,-89.30%,-,-,-,-7.07%,346.12%,-82.43%,63.17%,-6.02%,15.00%,48.41%,-43.14%,Upgrade
22,Shares Outstanding (Basic),253,-,253,-,253,-,253,-,253,-,253,-,253,-,253,-,253,-,253,-,Upgrade
23,Shares Outstanding (Diluted),253,-,253,-,253,-,253,-,253,-,253,-,253,-,253,-,253,-,253,-,Upgrade
24,EPS (Basic),0.03,-,0.00,-,0.00,-,0.00,-,0.00,-,-0.01,-,0.01,-,0.01,-,0.01,-,0.03,-,Upgrade
25,EPS (Diluted),0.03,-,0.00,-,0.00,-,0.00,-,0.00,-,-0.01,-,0.01,-,0.01,-,0.01,-,0.03,-,Upgrade
26,EPS Growth,1605.88%,-,247.87%,-,79.95%,-,-,-,-89.30%,-,-,-,-7.08%,-,-82.43%,-,-6.02%,-,48.42%,-,Upgrade
27,Gross Margin,13.02%,20.91%,17.78%,15.57%,15.06%,19.26%,16.59%,23.01%,28.35%,23.38%,23.40%,23.71%,22.78%,23.75%,27.59%,24.60%,26.23%,25.48%,29.68%,25.44%,Upgrade
28,Operating Margin,5.23%,6.04%,0.77%,-0.34%,-4.66%,-3.67%,-4.20%,2.26%,6.30%,2.00%,2.94%,1.30%,4.65%,2.86%,3.32%,2.81%,1.09%,0.65%,1.49%,2.22%,Upgrade
29,Profit Margin,5.03%,3.67%,1.83%,1.81%,0.77%,0.31%,0.71%,4.02%,0.61%,-4.63%,-6.88%,-5.34%,4.80%,30.49%,5.33%,14.69%,9.57%,10.41%,39.59%,12.53%,Upgrade
30,EBITDA,8.76,5.36,2.35,1.4,-0.86,0.27,0.07,2.68,4,2.68,2.98,2.36,3.89,2.14,2.68,2.14,1.39,1.27,1.45,1.69,Upgrade
31,EBITDA Margin,6.38%,8.57%,4.40%,2.56%,-1.64%,0.71%,0.19%,6.16%,10.93%,6.47%,7.09%,6.04%,8.88%,6.08%,9.71%,5.97%,5.88%,5.51%,6.86%,6.59%,Upgrade
32,D&A For EBITDA,1.58,1.58,1.94,1.58,1.58,1.7,1.72,1.7,1.7,1.85,1.75,1.85,1.85,1.13,1.76,1.13,1.13,1.12,1.14,1.12,Upgrade
33,EBIT,7.17,3.78,0.41,-0.18,-2.45,-1.42,-1.65,0.98,2.31,0.83,1.24,0.51,2.04,1.01,0.92,1.01,0.26,0.15,0.31,0.57,Upgrade
34,EBIT Margin,5.23%,6.04%,0.77%,-0.34%,-4.66%,-3.67%,-4.20%,2.26%,6.30%,2.00%,2.94%,1.30%,4.65%,2.86%,3.32%,2.81%,1.09%,0.65%,1.49%,2.22%,Upgrade
35,Effective Tax Rate,3.93%,25.25%,23.68%,22.71%,-,116.77%,49.06%,8.45%,-,-,-,-,6.63%,17.14%,20.22%,9.72%,5.33%,6.23%,4.37%,10.16%,Upgrade
