,Fiscal Quarter,Q2 2024,Q1 2024,Q4 2023,Q3 2023,Q2 2023,Q1 2023,Q4 2022,Q3 2022,Q2 2022,Q1 2022,Q4 2021,Q3 2021,Q2 2021,Q1 2021,Q4 2020,Q3 2020,Q2 2020,Q1 2020,Q4 2019,Q3 2019,+20 Quarters
,Period Ending,"Jun '24 Jun 30, 2024","Mar '24 Mar 31, 2024","Dec '23 Dec 31, 2023","Sep '23 Sep 30, 2023","Jun '23 Jun 30, 2023","Mar '23 Mar 31, 2023","Dec '22 Dec 31, 2022","Sep '22 Sep 30, 2022","Jun '22 Jun 30, 2022","Mar '22 Mar 31, 2022","Dec '21 Dec 31, 2021","Sep '21 Sep 30, 2021","Jun '21 Jun 30, 2021","Mar '21 Mar 31, 2021","Dec '20 Dec 31, 2020","Sep '20 Sep 30, 2020","Jun '20 Jun 30, 2020","Mar '20 Mar 31, 2020","Dec '19 Dec 31, 2019","Sep '19 Sep 30, 2019",+20 Quarters
0,Revenue,16.22,16.22,11.27,18.36,51.8,130.56,575.78,588.84,302.82,384.09,118.36,131.24,219.99,154.17,108.76,515.73,18.6,12.7,16.49,14.15,Upgrade
1,Revenue Growth (YoY),-68.68%,-87.57%,-98.04%,-96.88%,-82.90%,-66.01%,386.47%,348.67%,37.65%,149.13%,8.82%,-74.55%,1082.68%,1113.55%,559.44%,3544.44%,29.27%,-10.42%,-12.93%,-19.55%,Upgrade
2,Cost of Revenue,17.78,17.78,26.87,29.76,39.63,81.4,211.14,203.75,137.65,194.36,53.95,54.19,78.65,78.95,42.24,252.6,12.16,9.71,9.81,8.84,Upgrade
3,Gross Profit,-1.55,-1.55,-15.6,-11.4,12.17,49.16,364.64,385.09,165.17,189.73,64.41,77.05,141.34,75.22,66.52,263.13,6.44,3,6.68,5.31,Upgrade
4,"Selling, General & Admin",47.51,47.51,33.61,34.3,36.61,48.44,87.13,66.89,46.29,58.25,54.22,44.92,33.11,36.56,44.56,43.27,28.8,27.71,30.62,27.72,Upgrade
5,Other Operating Expenses,-0.7,-0.7,-0.13,-0.21,-0.15,-0.15,0.85,-0.93,-0.5,-0.14,0.47,-0.17,-0.33,-0.29,2.95,-0.06,-2.21,-0.14,-0.11,-0.09,Upgrade
6,Operating Expenses,46.81,46.81,32.35,34.09,36.45,48.28,91.88,65.96,45.8,58.1,54.7,44.75,32.77,36.27,47.51,43.22,26.59,27.57,30.51,27.63,Upgrade
7,Operating Income,-48.36,-48.36,-47.95,-45.49,-24.29,0.88,272.77,319.13,119.38,131.63,9.72,32.3,108.57,38.95,19.01,219.91,-20.15,-24.57,-23.83,-22.33,Upgrade
8,Interest Expense,-2.34,-2.34,-1.38,-1.27,-1.31,-1.35,-0.24,-0.95,-1.09,-1.22,-1.26,-1.21,-1.8,-2.28,-2.32,-2.31,-1.42,-0.46,-0.92,-0.49,Upgrade
9,Interest & Investment Income,0.22,0.22,1.4,0.7,0.96,0.7,0.13,0.01,0,0.01,0.01,0,0,0,0.01,0,0,0.01,0.02,0.04,Upgrade
10,Earnings From Equity Investments,-,-,-0.01,-4.9,-1.28,-1.49,-1.72,-1.43,-1.03,-,-,-,-,-,-,-,-,-,-0.67,-0.16,Upgrade
11,Currency Exchange Gain (Loss),-6.25,-6.25,8.35,-4.72,-9.69,-1.21,3.55,-3.91,-0.25,-0.26,-0.16,-0.12,-0.15,-0.09,0.29,-0.06,-0.03,-0.01,-0.03,0.04,Upgrade
12,Other Non Operating Income (Expenses),1.51,1.51,-2.71,-,14.85,-,2.33,-1.27,-0.02,-,-0.61,-,-1.31,-,6.8,-,-0.42,-,-,-,Upgrade
13,EBT Excluding Unusual Items,-55.23,-55.23,-42.29,-55.68,-20.75,-2.48,276.82,311.58,116.98,130.17,7.69,30.97,105.31,36.59,23.79,217.55,-22.01,-25.03,-25.43,-22.9,Upgrade
14,Merger & Restructuring Charges,-,-,-,-,-,-,-,-,-,-,-,-,-,-,-,-,-,-,-2.09,-,Upgrade
15,Impairment of Goodwill,-,-,-,-,-,-,-,-1.72,-,-,-,-,-,-,-,-,-,-,-0.26,-,Upgrade
16,Gain (Loss) on Sale of Investments,-,-,-0,-,-,-,-,-,0.73,1.97,1,-,-0.51,-,-0.05,-,-,-,-0.06,-,Upgrade
17,Gain (Loss) on Sale of Assets,-0.05,-0.05,-,0.32,-,-0.03,-0.02,-2.03,4.93,-,-,-,-,-,-1.05,-0.94,-,-,-,-0.32,Upgrade
18,Asset Writedown,-7.95,-7.95,-19.66,-0.07,-0,-1.46,-,-,-0,-0.1,-,-,-,-,-,-,-,-,-28.85,-1.08,Upgrade
19,Other Unusual Items,0.1,0.1,0.02,0.01,0.04,-,15.72,8.71,-0.93,-,2.31,-,-2.69,-,7.68,2.2,0.65,-,8.04,-,Upgrade
20,Pretax Income,-63.13,-63.13,-61.94,-55.41,-20.72,-3.96,292.52,316.55,121.71,132.04,11,30.97,102.12,36.59,30.37,218.81,-21.36,-25.03,-48.65,-24.3,Upgrade
21,Income Tax Expense,-0.26,-0.26,-3.93,-0.44,-0.78,3.82,50.55,59.31,21.94,25.46,10.32,8.07,20.37,9.35,-3.71,39.49,-0.29,-0.32,-1.46,-0.32,Upgrade
22,Earnings From Continuing Operations,-62.87,-62.87,-58.01,-54.98,-19.94,-7.78,241.96,257.25,99.78,106.59,0.68,22.9,81.75,27.24,34.08,179.32,-21.07,-24.71,-47.19,-23.98,Upgrade
23,Net Income to Company,-62.87,-62.87,-58.01,-54.98,-19.94,-7.78,241.96,257.25,99.78,106.59,0.68,22.9,81.75,27.24,34.08,179.32,-21.07,-24.71,-47.19,-23.98,Upgrade
24,Minority Interest in Earnings,22.91,22.91,28.54,19.48,4.83,-7.59,-143.39,-165.95,-66.49,-71.65,-85.93,-3.02,1.18,-25.42,-25.44,-117.52,2.9,2.61,4.49,2.04,Upgrade
25,Net Income,-39.96,-39.96,-29.47,-35.49,-15.11,-15.38,98.57,91.3,33.28,34.94,-85.25,19.89,82.93,1.82,8.64,61.8,-18.17,-22.1,-42.7,-21.94,Upgrade
26,Net Income to Common,-39.96,-39.96,-29.47,-35.49,-15.11,-15.38,98.57,91.3,33.28,34.94,-85.25,19.89,82.93,1.82,8.64,61.8,-18.17,-22.1,-42.7,-21.94,Upgrade
27,Net Income Growth,-,-,-,-,-,-,-,359.10%,-59.87%,1820.73%,-,-67.82%,-,-,-,-,-,-,-,-,Upgrade
28,Shares Outstanding (Basic),963,963,963,963,963,963,963,963,963,963,963,964,965,966,967,968,970,970,969,969,Upgrade
29,Shares Outstanding (Diluted),963,963,963,963,963,963,963,963,963,963,963,964,965,966,967,968,970,970,969,969,Upgrade
30,Shares Change (YoY),-,-,-,-,-,-,0.00%,-0.10%,-0.23%,-0.29%,-0.38%,-0.35%,-0.45%,-0.39%,-0.26%,-0.12%,0.12%,3.56%,3.58%,10.33%,Upgrade
31,EPS (Basic),-0.04,-0.04,-0.03,-0.04,-0.02,-0.02,0.10,0.09,0.03,0.04,-0.09,0.02,0.09,0.00,0.01,0.06,-0.02,-0.02,-0.04,-0.02,Upgrade
32,EPS (Diluted),-0.04,-0.04,-0.03,-0.04,-0.02,-0.02,0.10,0.09,0.03,0.04,-0.09,0.02,0.09,0.00,0.01,0.06,-0.02,-0.02,-0.04,-0.02,Upgrade
33,EPS Growth,-,-,-,-,-,-,-,359.54%,-59.78%,1827.26%,-,-67.71%,-,-,-,-,-,-,-,-,Upgrade
34,Free Cash Flow,-128.68,-128.68,-,-,-,-,-,-,-,-,-,-,-,-,-,-,-,-,-,-,Upgrade
35,Free Cash Flow Per Share,-0.13,-0.13,-,-,-,-,-,-,-,-,-,-,-,-,-,-,-,-,-,-,Upgrade
36,Dividend Per Share,-,-,-,-,-,-,0.010,-,-,-,-,-,-,-,-,-,-,-,-,-,Upgrade
37,Gross Margin,-9.57%,-9.57%,-138.37%,-62.12%,23.49%,37.65%,63.33%,65.40%,54.54%,49.40%,54.42%,58.71%,64.25%,48.79%,61.16%,51.02%,34.63%,23.59%,40.53%,37.50%,Upgrade
38,Operating Margin,-298.07%,-298.07%,-425.36%,-247.86%,-46.89%,0.67%,47.37%,54.20%,39.42%,34.27%,8.21%,24.61%,49.35%,25.27%,17.48%,42.64%,-108.33%,-193.40%,-144.47%,-157.78%,Upgrade
39,Profit Margin,-246.28%,-246.28%,-261.43%,-193.36%,-29.17%,-11.78%,17.12%,15.50%,10.99%,9.10%,-72.03%,15.15%,37.70%,1.18%,7.94%,11.98%,-97.69%,-173.93%,-258.88%,-155.01%,Upgrade
40,Free Cash Flow Margin,-793.10%,-793.10%,-,-,-,-,-,-,-,-,-,-,-,-,-,-,-,-,-,-,Upgrade
41,EBITDA,-43.99,-43.99,-36.78,-31.56,-9.38,14.81,286.7,332.98,133.28,145.48,23.57,39.69,122.24,46.34,26.4,223.25,-16.95,-21.22,-20.48,-20.27,Upgrade
42,EBITDA Margin,-271.16%,-271.16%,-,-171.96%,-18.11%,11.34%,49.79%,56.55%,44.01%,37.88%,19.91%,30.24%,55.57%,30.06%,24.27%,43.29%,-91.12%,-167.05%,-124.18%,-143.21%,Upgrade
43,D&A For EBITDA,4.37,4.37,11.17,13.93,14.91,13.93,13.93,13.85,13.9,13.85,13.85,7.39,13.67,7.39,7.39,3.35,3.2,3.35,3.35,2.06,Upgrade
44,EBIT,-48.36,-48.36,-47.95,-45.49,-24.29,0.88,272.77,319.13,119.38,131.63,9.72,32.3,108.57,38.95,19.01,219.91,-20.15,-24.57,-23.83,-22.33,Upgrade
45,EBIT Margin,-298.07%,-298.07%,-,-247.86%,-46.89%,0.67%,47.37%,54.20%,39.42%,34.27%,8.21%,24.61%,49.35%,25.27%,17.48%,42.64%,-108.33%,-193.40%,-144.47%,-157.78%,Upgrade
46,Effective Tax Rate,-,-,-,-,-,-,17.28%,18.74%,18.02%,19.28%,93.81%,26.05%,19.94%,25.55%,-,18.05%,-,-,-,-,Upgrade
47,Revenue as Reported,-,-,-,-,-,-,-,-,-,-,-,-,-,-,-,-,-,-,-,14.15,Upgrade
