,Fiscal Quarter,Q4 2024,Q3 2024,Q2 2024,Q1 2024,Q4 2023,Q3 2023,Q2 2023,Q1 2023,Q4 2022,Q3 2022,Q2 2022,Q1 2022,Q4 2021,Q3 2021,Q2 2021,Q1 2021,Q4 2020,Q3 2020,Q2 2020,Q1 2020,+20 Quarters
,Period Ending,"Dec '24 Dec 31, 2024","Sep '24 Sep 30, 2024","Jun '24 Jun 30, 2024","Mar '24 Mar 31, 2024","Dec '23 Dec 31, 2023","Sep '23 Sep 30, 2023","Jun '23 Jun 30, 2023","Mar '23 Mar 31, 2023","Dec '22 Dec 31, 2022","Sep '22 Sep 30, 2022","Jun '22 Jun 30, 2022","Mar '22 Mar 31, 2022","Dec '21 Dec 31, 2021","Sep '21 Sep 30, 2021","Jun '21 Jun 30, 2021","Mar '21 Mar 31, 2021","Dec '20 Dec 31, 2020","Sep '20 Sep 30, 2020","Jun '20 Jun 30, 2020","Mar '20 Mar 31, 2020",+20 Quarters
0,Interest Income on Loans,32435002,30924362,30138279,30951965,32957080,32837820,34116537,32760300,30375340,27097979,25058970,22132345,21533329,20679386,21320045,21095542,21019018,20793395,20352594,21511509,Upgrade
1,Total Interest Income,32435002,30924362,30138279,30951965,32957080,32837820,34116537,32760300,30375340,27097979,25058970,22132345,21533329,20679386,21320045,21095542,21019018,20793395,20352594,21511509,Upgrade
2,Interest Paid on Deposits,16122846,15346848,14799392,15777729,18510680,19750383,21359067,20094129,17665811,14174343,13046045,11986480,11137390,10807580,10441461,10453406,10734007,11715115,12554695,13093071,Upgrade
3,Net Interest Income,16312156,15577514,15338887,15174236,14446400,13087437,12757470,12666171,12709529,12923636,12012925,10145865,10395939,9871806,10878584,10642136,10285011,9078280,7797899,8418438,Upgrade
4,Net Interest Income Growth (YoY),12.92%,19.03%,20.23%,19.80%,13.67%,1.27%,6.20%,24.84%,22.25%,30.91%,10.43%,-4.66%,1.08%,8.74%,39.51%,26.41%,18.32%,8.98%,-5.22%,5.90%,Upgrade
5,Income From Trading Activities,22146,-185301,-115061,38253,-74938,-32937,218365,28015,43572,-240705,64,56429,320007,238508,94146,67068,322216,115470,96820,427719,Upgrade
6,Gain (Loss) on Sale of Assets,-,-,-,-,7881,-,-,-,14663,-,-,-,4494,-,-,-,54448,-,-,-,Upgrade
7,Gain (Loss) on Sale of Investments,-,-,106162,-106162,-,-,-14889,14889,-,-,231100,-232807,-,-,-,-,-,-,-,-,Upgrade
8,Gain (Loss) on Sale of Equity Investments,-,-,144053,59259,104162,-,71220,81530,32820,-,-,106162,78908,-,72897,139562,157262,-,-,108734,Upgrade
9,Other Non-Interest Income,4950957,6524085,4166396,3901303,3881531,4338654,4739764,4227440,3981542,4641248,3696577,3994556,3095876,2145144,3037770,2073787,2368116,2317212,2079958,1729876,Upgrade
10,Total Non-Interest Income,4973103,6338784,4301550,3892653,3918636,4305717,5014460,4351874,4072597,4400543,3927741,3924340,3499285,2383652,3204813,2280417,2902042,2432682,2176778,2266329,Upgrade
11,Non-Interest Income Growth (YoY),26.91%,47.22%,-14.22%,-10.55%,-3.78%,-2.15%,27.67%,10.89%,16.38%,84.61%,22.56%,72.09%,20.58%,-2.02%,47.23%,0.62%,54.47%,18.90%,27.08%,34.69%,Upgrade
12,Revenues Before Loan Losses,21285259,21916298,19640437,19066889,18365036,17393154,17771930,17018045,16782126,17324179,15940666,14070205,13895224,12255458,14083397,12922553,13187053,11510962,9974677,10684767,Upgrade
13,Provision for Loan Losses,2464267,9268664,7816739,8049159,4472642,7440325,6478353,6723821,5160007,8320626,5883273,4426683,4377325,5547913,7106255,1350133,709908,4858146,2207393,4392768,Upgrade
14,Revenue,18820992,12647634,11823698,11017730,13892394,9952829,11293577,10294224,11622119,9003553,10057393,9643522,9517899,6707545,6977142,11572420,12477145,6652816,7767284,6291999,Upgrade
15,Revenue Growth (YoY),35.48%,27.08%,4.69%,7.03%,19.53%,10.54%,12.29%,6.75%,22.11%,34.23%,44.15%,-16.67%,-23.72%,0.82%,-10.17%,83.92%,47.66%,-3.22%,33.89%,-1.54%,Upgrade
16,Salaries and Employee Benefits,-,-,2900133,2933536,3174143,-,2712927,2763421,3105236,-,-,2471746,2792126,-,2669716,2149241,2854177,-,-,2060157,Upgrade
17,Occupancy Expenses,-,-,671117,583882,908313,-,663258,462221,1001247,-,-,419768,1380418,-,584634,461582,1080929,-,-,457891,Upgrade
18,Federal Deposit Insurance,-,-,278948,262087,256733,-,244266,229264,224271,-,-,207523,198904,-,190601,186000,185564,-,-,174509,Upgrade
19,"Selling, General & Administrative",-,-,1125961,997631,1850176,-,1093881,851932,1614146,-,-,716730,1372744,-,731832,707316,1306412,-,-,618246,Upgrade
20,Other Non-Interest Expense,6575579,6094955,97593,30312,114985,5081879,29049,7051,309468,4846989,4272331,5259,95435,3646918,10293,8090,294276,3748792,3281706,6769,Upgrade
21,Total Non-Interest Expense,6575579,6094955,5073752,4807448,6304350,5081879,4743381,4313889,6254368,4846989,4272331,3821026,5839627,3646918,4187076,3512229,5721358,3748792,3281706,3317572,Upgrade
22,EBT Excluding Unusual Items,12245413,6552679,6749946,6210282,7588044,4870950,6550196,5980335,5367751,4156564,5785062,5822496,3678272,3060627,2790066,8060191,6755787,2904024,4485578,2974427,Upgrade
23,Pretax Income,12245413,6552679,6749946,6210282,7588044,4870950,6550196,5980335,5367751,4156564,5785062,5822496,3678272,3060627,2790066,8060191,6755787,2904024,4485578,2974427,Upgrade
24,Income Tax Expense,2374799,1360167,1340587,1207758,1533600,975628,1286541,1149134,1082533,836900,1104211,1124584,696175,594990,493609,1589040,1327188,562375,875335,569710,Upgrade
25,Earnings From Continuing Operations,9870614,5192512,5409359,5002524,6054444,3895322,5263655,4831201,4285218,3319664,4680851,4697912,2982097,2465637,2296457,6471151,5428599,2341649,3610243,2404717,Upgrade
26,Minority Interest in Earnings,-79064,33347,-44064,-43714,-23652,-32247,-60349,-24824,-9141,18664,-35438,-34005,-64837,-5865,-46262,-9618,-31165,-4997,-38593,9749,Upgrade
27,Net Income,9791550,5225859,5365295,4958810,6030792,3863075,5203306,4806377,4276077,3338328,4645413,4663907,2917260,2459772,2250195,6461533,5397434,2336652,3571650,2414466,Upgrade
28,Preferred Dividends & Other Adjustments,-,-,-,-,-,-,-,-,2409538,-,-,-,2026475,-,-,-,1803677,-,-,-,Upgrade
29,Net Income to Common,9791550,5225859,5365295,4958810,6030792,3863075,5203306,4806377,1866539,3338328,4645413,4663907,890785,2459772,2250195,6461533,3593757,2336652,3571650,2414466,Upgrade
30,Net Income Growth,62.36%,35.28%,3.11%,3.17%,41.04%,15.72%,12.01%,3.05%,46.58%,35.72%,106.44%,-27.82%,-45.95%,5.27%,-37.00%,167.62%,103.27%,-6.95%,102.17%,-4.50%,Upgrade
31,Basic Shares Outstanding,5370,5370,5370,5370,5370,5370,5370,5370,5370,5370,5370,5370,5370,5370,5370,5370,5370,5370,5370,5370,Upgrade
32,Diluted Shares Outstanding,5370,5370,5370,5370,5370,5370,5370,5370,5370,5370,5370,5370,5370,5370,5370,5370,5370,5370,5370,5370,Upgrade
33,Shares Change (YoY),-,-0.00%,-0.00%,-0.00%,-0.00%,-,-,-,-,-,-0.00%,-0.00%,-0.00%,-0.00%,-,-,-,-,-,-,Upgrade
34,EPS (Basic),1823.38,973.16,999.13,923.43,1123.05,719.38,968.96,895.04,347.59,621.66,865.06,868.51,165.88,458.06,419.03,1203.25,669.22,435.13,665.11,449.62,Upgrade
35,EPS (Diluted),1823.38,973.16,999.13,923.43,1123.05,719.38,968.96,895.04,347.59,621.66,865.06,868.51,165.88,458.06,419.03,1203.25,669.22,435.13,665.11,449.62,Upgrade
36,EPS Growth,62.36%,35.28%,3.11%,3.17%,223.10%,15.72%,12.01%,3.05%,109.54%,35.72%,106.45%,-27.82%,-75.21%,5.27%,-37.00%,167.62%,601.23%,-6.95%,102.17%,-4.50%,Upgrade
37,Dividend Per Share,-,-,-,-,-,-,-,-,-,-,-,-,-,-,-,-,554.692,-,-,-,Upgrade
38,Dividend Growth,-,-,-,-,-,-,-,-,-,-,-,-,-,-,-,-,60.00%,-,-,-,Upgrade
39,Effective Tax Rate,19.39%,20.76%,19.86%,19.45%,20.21%,20.03%,19.64%,19.22%,20.17%,20.13%,19.09%,19.31%,18.93%,19.44%,17.69%,19.71%,19.65%,19.37%,19.51%,19.15%,Upgrade
