,Fiscal Quarter,Q3 2024,Q2 2024,Q1 2024,Q4 2023,Q3 2023,Q2 2023,Q1 2023,Q4 2022,Q3 2022,Q2 2022,Q1 2022,Q4 2021,Q3 2021,Q2 2021,Q1 2021,Q4 2020,Q3 2020,Q2 2020,Q1 2020,Q4 2019,+20 Quarters
,Period Ending,"Sep '24 Sep 30, 2024","Jun '24 Jun 30, 2024","Mar '24 Mar 31, 2024","Dec '23 Dec 31, 2023","Sep '23 Sep 30, 2023","Jun '23 Jun 30, 2023","Mar '23 Mar 31, 2023","Jan '23 Jan 1, 2023","Sep '22 Sep 30, 2022","Jun '22 Jun 30, 2022","Mar '22 Mar 31, 2022","Jan '22 Jan 1, 2022","Sep '21 Sep 30, 2021","Jun '21 Jun 30, 2021","Mar '21 Mar 31, 2021","Dec '20 Dec 31, 2020","Sep '20 Sep 30, 2020","Jun '20 Jun 30, 2020","Mar '20 Mar 31, 2020","Dec '19 Dec 31, 2019",+20 Quarters
0,Operating Revenue,444.82,406.49,428.04,412.66,392.89,381.07,385.06,381.27,354.56,334.09,362.38,390.04,388.5,327.92,361.08,426.94,315.13,262.68,231.66,355.46,Upgrade
1,Other Revenue,-16.78,16.78,-,28.43,-15.33,15.33,-,36.79,-19.65,19.65,-,39.95,-19.84,19.84,-,39.02,-18.7,18.7,-,42.13,Upgrade
2,Revenue,428.04,423.27,428.04,441.09,377.56,396.39,385.06,418.05,334.91,353.74,362.38,430,368.66,347.76,361.08,465.96,296.43,281.38,231.66,397.59,Upgrade
3,Revenue Growth (YoY),13.37%,6.78%,11.16%,5.51%,12.74%,12.06%,6.26%,-2.78%,-9.16%,1.72%,0.36%,-7.72%,24.37%,23.59%,55.87%,17.20%,15.70%,26.23%,43.67%,138.68%,Upgrade
4,Operations & Maintenance,-0.43,0.43,-,0.64,-0.26,0.26,-,0.58,-0.26,0.26,-,0.77,-0.36,0.36,-,0.91,-0.39,0.39,-,1.42,Upgrade
5,"Selling, General & Admin",24.76,23.94,28.64,28.88,26.61,27.51,30.78,27.97,25.49,27.01,31.37,34.47,28.54,27.58,35.69,34.17,30.06,27.69,29.41,28.43,Upgrade
6,Provision for Bad Debts,3.64,1.63,-0.09,2.49,0.74,0.05,0.93,1.51,-0.96,-0.34,-0.57,1.48,-6.64,-0.15,0.3,10.74,0.33,-0.51,-0.13,9.56,Upgrade
7,Other Operating Expenses,377.39,369.77,373,375.01,316.67,328.17,341.99,362.49,281.45,296.52,317.02,361.08,304.55,285.1,311.29,389,233.32,211.9,205.27,324.41,Upgrade
8,Total Operating Expenses,405.43,395.85,401.63,407.09,343.88,356.6,374.36,393.45,306.37,324.08,348.68,400.07,326.79,313.44,347.71,435.63,263.86,239.81,234.55,363.81,Upgrade
9,Operating Income,22.61,27.42,26.41,34,33.68,39.79,10.7,24.6,28.53,29.67,13.7,29.93,41.88,34.32,13.37,30.34,32.57,41.57,-2.89,33.79,Upgrade
10,Interest Expense,-5.75,-5.34,-5.73,-5.73,-6.75,-6.56,-5.98,-6.91,-7.71,-7.78,-8.02,-10.97,-10.66,-10.1,-9.86,-10.6,-10.6,-10.73,-9.94,-9.55,Upgrade
11,Interest Income,0.38,0.43,0.57,0.07,1.94,0.52,0.79,0.95,0.67,0.3,0.21,-2.35,-1.69,5.08,0.02,2.13,1.7,0.81,0.13,2.37,Upgrade
12,Net Interest Expense,-5.38,-4.91,-5.16,-5.66,-4.81,-6.04,-5.19,-5.96,-7.05,-7.48,-7.81,-13.32,-12.35,-5.02,-9.84,-8.47,-8.89,-9.92,-9.81,-7.18,Upgrade
13,Income (Loss) on Equity Investments,-,-,-,-,-,-,-,-,-,-,-,-,-,-2.67,2.67,-,-,-,-,-,Upgrade
14,Other Non-Operating Income (Expenses),-0.53,-1.91,0.21,-4.34,0.39,2.08,-0.23,-2.02,-0.39,0.4,0.41,-3.17,-0.67,0.01,-0.37,-0.74,-1.16,-0.12,-0.02,-1.24,Upgrade
15,EBT Excluding Unusual Items,16.71,20.59,21.46,24,29.26,35.84,5.29,16.63,21.1,22.59,6.31,13.44,28.86,26.65,5.83,21.13,22.51,31.53,-12.72,25.37,Upgrade
16,Impairment of Goodwill,-,-,-,-174.66,-,-,-,-,-,-,-,-,-,-,-,-,-,-,-,-,Upgrade
17,Gain (Loss) on Sale of Investments,-0.61,-1.34,-0.43,-38.53,-0.1,-0.41,-,-0.08,0.03,-0.28,-0.18,-0.34,-,-,-,-,-,0.57,-0.57,-0.03,Upgrade
18,Gain (Loss) on Sale of Assets,-0.2,0.11,-,6.44,0.01,0.01,-,0.03,-,-0,-0.03,2.92,-,-0,-,1.27,-0.01,0,0,0.01,Upgrade
19,Asset Writedown,0.12,-0.07,-,-93.04,-,-,-,-0.05,-,-,-,-0.09,0,-0,-,-1.13,0.06,-0.06,-,-0.06,Upgrade
20,Other Unusual Items,-0.65,4.24,-,0.22,-,-,-,3.43,-0.22,-,-,2.65,-,-,-,2.75,-,-,-,0.19,Upgrade
21,Pretax Income,15.37,23.53,21.04,-275.55,29.17,35.44,5.29,19.96,20.91,22.3,6.1,18.58,28.86,26.65,5.83,24.02,22.56,32.04,-13.29,25.48,Upgrade
22,Income Tax Expense,3.73,5.79,5.36,7.87,6.5,5.72,3.2,6.03,6.14,5.8,4.18,5.94,6.13,7.63,4.15,7.16,7.13,6.99,1.86,6.55,Upgrade
23,Earnings From Continuing Ops.,11.64,17.74,15.67,-283.43,22.67,29.72,2.09,13.92,14.77,16.5,1.92,12.64,22.73,19.01,1.68,16.86,15.43,25.05,-15.15,18.93,Upgrade
24,Minority Interest in Earnings,-0.28,-0.82,-1.61,-14.17,-0.98,1.11,1.67,0.5,0.53,-0.33,0.44,-1.42,-0.59,-2.34,-1.22,-1.69,-2.91,-2.55,-0.11,-0.69,Upgrade
25,Net Income,11.36,16.92,14.06,-297.6,21.68,30.82,3.77,14.42,15.3,16.17,2.36,11.22,22.14,16.68,0.46,15.17,12.52,22.5,-15.26,18.23,Upgrade
26,Net Income to Common,11.36,16.92,14.06,-297.6,21.68,30.82,3.77,14.42,15.3,16.17,2.36,11.22,22.14,16.68,0.46,15.17,12.52,22.5,-15.26,18.23,Upgrade
27,Net Income Growth,-47.63%,-45.11%,273.26%,-,41.73%,90.66%,59.79%,28.51%,-30.90%,-3.06%,415.74%,-26.02%,76.89%,-25.88%,-,-16.82%,32.84%,82.67%,-,-,Upgrade
28,Shares Outstanding (Basic),355,352,361,359,355,378,342,350,367,376,337,356,362,257,457,363,354,369,355,355,Upgrade
29,Shares Outstanding (Diluted),355,352,361,359,355,378,342,350,367,376,337,356,362,257,457,363,354,369,355,355,Upgrade
30,Shares Change (YoY),0.13%,-7.02%,5.28%,2.60%,-3.36%,0.66%,1.68%,-1.83%,1.36%,46.28%,-26.32%,-1.68%,2.40%,-30.42%,28.79%,2.04%,-2.44%,-4.36%,6.80%,2.26%,Upgrade
31,EPS (Basic),0.03,0.05,0.04,-0.83,0.06,0.08,0.01,0.04,0.04,0.04,0.01,0.03,0.06,0.06,0.00,0.04,0.04,0.06,-0.04,0.05,Upgrade
32,EPS (Diluted),0.03,0.05,0.04,-0.83,0.06,0.08,0.01,0.04,0.04,0.04,0.01,0.03,0.06,0.06,0.00,0.04,0.04,0.06,-0.04,0.05,Upgrade
33,EPS Growth,-47.70%,-40.97%,254.55%,-,46.65%,89.40%,57.14%,30.91%,-31.83%,-33.73%,600.00%,-24.76%,72.74%,6.52%,-,-18.48%,36.16%,91.01%,-,-,Upgrade
34,Free Cash Flow,56.04,30.78,7.87,-0.48,110.04,89.02,-30.88,58.95,26.56,75.82,-41.57,57.29,51.35,62.12,-36.72,25.34,-9.5,37.98,-24.28,12.41,Upgrade
35,Free Cash Flow Per Share,0.16,0.09,0.02,-0.00,0.31,0.24,-0.09,0.17,0.07,0.20,-0.12,0.16,0.14,0.24,-0.08,0.07,-0.03,0.10,-0.07,0.03,Upgrade
36,Profit Margin,2.65%,4.00%,3.28%,-67.47%,5.74%,7.78%,0.98%,3.45%,4.57%,4.57%,0.65%,2.61%,6.00%,4.80%,0.13%,3.26%,4.22%,8.00%,-6.59%,4.59%,Upgrade
37,Free Cash Flow Margin,13.09%,7.27%,1.84%,-0.11%,29.15%,22.46%,-8.02%,14.10%,7.93%,21.43%,-11.47%,13.32%,13.93%,17.86%,-10.17%,5.44%,-3.21%,13.50%,-10.48%,3.12%,Upgrade
38,EBITDA,41.89,48.22,45.69,53.28,52.48,57.16,29.5,43.41,46.25,48.17,31.42,47.65,57.37,52.83,28.86,45.82,46.58,60.25,11.11,47.79,Upgrade
39,EBITDA Margin,9.79%,11.39%,10.67%,12.08%,13.90%,14.42%,7.66%,10.38%,13.81%,13.62%,8.67%,11.08%,15.56%,15.19%,7.99%,9.83%,15.71%,21.41%,4.80%,12.02%,Upgrade
40,D&A For EBITDA,19.28,20.8,19.28,19.28,18.8,17.36,18.8,18.8,17.72,18.51,17.72,17.72,15.49,18.51,15.49,15.49,14.01,18.68,14.01,14.01,Upgrade
41,EBIT,22.61,27.42,26.41,34,33.68,39.79,10.7,24.6,28.53,29.67,13.7,29.93,41.88,34.32,13.37,30.34,32.57,41.57,-2.89,33.79,Upgrade
42,EBIT Margin,5.28%,6.48%,6.17%,7.71%,8.92%,10.04%,2.78%,5.89%,8.52%,8.39%,3.78%,6.96%,11.36%,9.87%,3.70%,6.51%,10.99%,14.77%,-1.25%,8.50%,Upgrade
43,Effective Tax Rate,24.30%,24.60%,25.50%,-,22.29%,16.15%,60.42%,30.24%,29.37%,26.01%,68.55%,31.99%,21.25%,28.64%,71.23%,29.81%,31.60%,21.82%,-,25.71%,Upgrade
44,Revenue as Reported,428.04,423.27,428.04,441.09,377.56,396.39,385.06,418.05,334.91,353.74,362.38,430,368.66,347.76,361.08,465.96,296.43,281.38,231.66,397.59,Upgrade
