,Fiscal Quarter,Q4 2024,Q3 2024,Q2 2024,Q1 2024,Q4 2023,Q3 2023,Q2 2023,Q1 2023,Q4 2022,Q3 2022,Q2 2022,Q1 2022,Q4 2021,Q3 2021,Q2 2021,Q1 2021,Q4 2020,Q3 2020,Q2 2020,Q1 2020,+20 Quarters
,Period Ending,"Dec '24 Dec 31, 2024","Sep '24 Sep 30, 2024","Jun '24 Jun 30, 2024","Mar '24 Mar 31, 2024","Dec '23 Dec 31, 2023","Sep '23 Sep 30, 2023","Jun '23 Jun 30, 2023","Mar '23 Mar 31, 2023","Dec '22 Dec 31, 2022","Sep '22 Sep 30, 2022","Jun '22 Jun 30, 2022","Mar '22 Mar 31, 2022","Dec '21 Dec 31, 2021","Sep '21 Sep 30, 2021","Jun '21 Jun 30, 2021","Mar '21 Mar 31, 2021","Dec '20 Dec 31, 2020","Sep '20 Sep 30, 2020","Jun '20 Jun 30, 2020","Mar '20 Mar 31, 2020",+20 Quarters
0,Interest Income on Loans,-,32360,32792,33030,30904,32855,31602,30611,30225,28938,28754,27790,26573,26925,26232,25142,24273,23293,22595,22242,Upgrade
1,Total Interest Income,-,32360,32792,33030,30904,32855,31602,30611,30225,28938,28754,27790,26573,26925,26232,25142,24273,23293,22595,22242,Upgrade
2,Interest Paid on Deposits,-,18323,18742,19423,19338,18953,18139,16898,16313,16124,15645,15360,15086,15317,14783,14205,13813,13577,13927,14100,Upgrade
3,Total Interest Expense,-,18323,18742,19423,19338,18953,18139,16898,16313,16124,15645,15360,15086,15317,14783,14205,13813,13577,13927,14100,Upgrade
4,Net Interest Income,39122,14037,14050,13607,11566,13902,13463,13714,13911,12814,13109,12430,11486,11608,11449,10937,10459,9717,8668,8142,Upgrade
5,Net Interest Income Growth (YoY),238.26%,0.97%,4.35%,-0.78%,-16.86%,8.49%,2.71%,10.33%,21.11%,10.40%,14.50%,13.65%,9.82%,19.46%,32.08%,34.32%,15.41%,44.13%,45.43%,55.03%,Upgrade
6,Gain (Loss) on Sale of Assets,-13.69,10.71,2.91,0.07,15.05,-4.05,-0.73,9.17,0.37,0.54,0.08,68.28,41.88,2.2,15.43,69.46,155.37,3.01,96.86,-,Upgrade
7,Gain (Loss) on Sale of Investments,-,-718.19,718.19,-,97.83,-154.61,154.61,-,781.19,-128.6,128.6,-,369.72,-97.49,97.49,-,1.59,-214.92,214.92,-,Upgrade
8,Other Non-Interest Income,-20220,7268,5639,7313,3830,6554,5967,5072,1553,6188,4611,4535,4743,4715,3665,4333,3633,2991,2945,4962,Upgrade
9,Total Non-Interest Income,-20233,6561,6360,7313,3943,6396,6121,5082,2335,6060,4740,4604,5155,4620,3778,4402,3790,2779,3257,4962,Upgrade
10,Non-Interest Income Growth (YoY),-,2.58%,3.90%,43.90%,68.90%,5.54%,29.14%,10.39%,-54.71%,31.18%,25.46%,4.57%,36.01%,66.23%,15.99%,-11.28%,48.03%,-39.75%,-31.86%,-15.51%,Upgrade
11,Revenues Before Loan Losses,18888,20598,20410,20919,15509,20298,19585,18795,16246,18875,17849,17033,16641,16227,15227,15339,14249,12496,11925,13104,Upgrade
12,Provision for Loan Losses,-12025,4725,2682,4617,4364,4421,3787,4005,4177,5178,5670,4652,5999,5769,5346,5166,7201,5294,4930,4965,Upgrade
13,Revenue,30913,15872,17728,16302,11145,15877,15797,14791,12069,13697,12179,12381,10642,10458,9881,10173,7049,7202,6996,8139,Upgrade
14,Revenue Growth (YoY),177.37%,-0.03%,12.22%,10.22%,-7.66%,15.91%,29.71%,19.46%,13.41%,30.97%,23.25%,21.71%,50.99%,45.21%,41.25%,24.98%,22.65%,-3.22%,-3.27%,12.94%,Upgrade
15,"Selling, General & Administrative",-12566,3229,4710,4628,5568,4136,4308,3814,6003,4141,3664,3498,4732,3061,3121,3394,3709,2624,2614,3257,Upgrade
16,Other Non-Interest Expense,38683,295.59,267.05,263.73,260.86,255.55,248.44,210.63,266.83,231.76,218.29,196.62,214.64,191.71,181.02,188.33,187.04,157.27,157.45,166.01,Upgrade
17,Total Non-Interest Expense,26154,3525,4977,4891,5829,4429,4544,4037,6277,4366,3901,3676,4982,3217,3265,3619,3869,2809,2760,3435,Upgrade
18,EBT Excluding Unusual Items,4759,12348,12751,11411,5316,11448,11254,10754,5792,9331,8278,8705,5661,7241,6616,6554,3179,4393,4236,4704,Upgrade
19,Asset Writedown,-,-,-,-,-163.17,-,-,-,-,-,-,-,-,-,-,-,-,-,-,-,Upgrade
20,Other Unusual Items,-358.79,65.07,212.84,80.88,85.16,-426.2,426.2,-,523.04,-231.94,231.94,-,404.45,-137.2,137.2,-,235.02,-13.24,13.24,-,Upgrade
21,Pretax Income,4400,12413,12964,11492,5238,11022,11680,10754,6315,9099,8510,8705,6065,7104,6753,6554,3414,4380,4249,4704,Upgrade
22,Income Tax Expense,1853,2527,2866,2178,1799,2074,2526,2281,1176,1736,1471,1894,1771,1497,1639,1160,248.71,355.97,197.46,326.13,Upgrade
23,Earnings From Continuing Operations,2547,9885,10097,9314,3439,8948,9154,8472,5139,7363,7039,6810,4294,5606,5115,5394,3166,4024,4052,4378,Upgrade
24,Minority Interest in Earnings,1061,-381.15,-408.75,-271.48,-342.58,-314.38,-352.24,-253.59,-241.96,-255.15,-242.58,-226.31,-203.14,-201.42,-141.47,-168.86,-55.98,-213.96,-161.65,-122.41,Upgrade
25,Net Income,3608,9504,9689,9042,3097,8634,8801,8219,4897,7108,6796,6584,4091,5405,4973,5225,3110,3810,3890,4256,Upgrade
26,Preferred Dividends & Other Adjustments,-,-760,760,-,1532,-760,760,-,1800,-760,760,-,1800,-760,760,-,1040,-,-,-,Upgrade
27,Net Income to Common,3608,10264,8929,9042,1565,9394,8041,8219,3097,7868,6036,6584,2291,6165,4213,5225,2070,3810,3890,4256,Upgrade
28,Net Income Growth,16.52%,10.08%,10.08%,10.02%,-36.77%,21.46%,29.50%,24.83%,19.72%,31.51%,36.66%,26.00%,31.55%,41.85%,27.84%,22.79%,13.56%,-4.95%,-5.12%,12.85%,Upgrade
29,Basic Shares Outstanding,20725,19767,16609,20094,17000,17571,13820,16115,13209,16331,12657,16882,12731,16808,12121,17418,11690,11399,11587,11502,Upgrade
30,Diluted Shares Outstanding,20725,19767,16609,20094,25171,17571,15568,19569,17720,18099,18023,17795,17231,18287,15420,20098,16001,12379,14652,13728,Upgrade
31,Shares Change (YoY),-17.66%,12.50%,6.68%,2.68%,42.05%,-2.92%,-13.62%,9.97%,2.84%,-1.03%,16.88%,-11.46%,7.69%,47.73%,5.24%,46.40%,3.18%,-4.97%,2.08%,16.49%,Upgrade
32,EPS (Basic),0.17,0.52,0.54,0.45,0.09,0.53,0.58,0.51,0.23,0.48,0.48,0.39,0.18,0.37,0.35,0.30,0.18,0.33,0.34,0.37,Upgrade
33,EPS (Diluted),0.17,0.52,0.54,0.45,0.08,0.51,0.54,0.42,0.22,0.41,0.36,0.37,0.18,0.32,0.30,0.26,0.18,0.28,0.29,0.31,Upgrade
34,EPS Growth,108.01%,1.42%,-0.96%,7.14%,-62.47%,24.25%,51.53%,13.51%,23.93%,29.86%,20.53%,42.31%,2.25%,14.06%,2.20%,-16.13%,19.93%,-4.40%,-3.44%,-3.13%,Upgrade
35,Dividend Per Share,-,-,0.306,-,0.470,-,-,-,0.491,-,-,-,0.400,-,-,-,0.316,-,-,-,Upgrade
36,Dividend Growth,-,-,-,-,-4.22%,-,-,-,22.68%,-,-,-,26.58%,-,-,-,13.67%,-,-,-,Upgrade
37,Effective Tax Rate,42.12%,20.36%,22.11%,18.95%,34.35%,18.82%,21.63%,21.21%,18.62%,19.07%,17.29%,21.76%,29.20%,21.08%,24.27%,17.69%,7.28%,8.13%,4.65%,6.93%,Upgrade
