,Fiscal Quarter,Q4 2024,Q3 2024,Q2 2024,Q1 2024,Q4 2023,Q3 2023,Q2 2023,Q1 2023,Q4 2022,Q3 2022,Q2 2022,Q1 2022,Q4 2021,Q3 2021,Q2 2021,Q1 2021,Q4 2020,Q3 2020,Q2 2020,Q1 2020,+1 Quarters
,Period Ending,"Dec '24 Dec 31, 2024","Sep '24 Sep 30, 2024","Jun '24 Jun 30, 2024","Mar '24 Mar 31, 2024","Dec '23 Dec 31, 2023","Sep '23 Sep 30, 2023","Jun '23 Jun 30, 2023","Mar '23 Mar 31, 2023","Dec '22 Dec 31, 2022","Sep '22 Sep 30, 2022","Jun '22 Jun 30, 2022","Mar '22 Mar 31, 2022","Dec '21 Dec 31, 2021","Sep '21 Sep 30, 2021","Jun '21 Jun 30, 2021","Mar '21 Mar 31, 2021","Dec '20 Dec 31, 2020","Sep '20 Sep 30, 2020","Jun '20 Jun 30, 2020","Mar '20 Mar 31, 2020",+1 Quarters
0,Operating Revenue,229.26,50.13,109.54,48.99,261.41,95.36,235.29,68.41,194.09,74.8,169.78,100.86,174.17,100.26,120.9,54.09,125.35,87.95,75.44,33.61,Upgrade
1,Other Revenue,-,-0.94,0.94,-,2.54,-1.83,1.83,-,1.33,-0,0,-,-,-,-,-,2.31,-,-,-,Upgrade
2,Revenue,229.26,49.19,110.48,48.99,263.95,93.52,237.12,68.41,195.42,74.8,169.78,100.86,174.17,100.26,120.9,54.09,127.66,87.95,75.44,33.61,Upgrade
3,Revenue Growth (YoY),-13.14%,-47.40%,-53.41%,-28.38%,35.07%,25.03%,39.66%,-32.18%,12.20%,-25.39%,40.43%,86.47%,36.43%,14.00%,60.26%,60.92%,19.79%,-,-,-,Upgrade
4,Cost of Revenue,-104.87,25.2,53.51,26.16,166.31,46.45,139.18,33.15,111.78,29.74,80.07,45.42,73.8,37.01,47.62,18.99,51.56,25.93,30.63,14.47,Upgrade
5,Gross Profit,334.14,24,56.97,22.83,97.64,47.07,97.94,35.26,83.64,45.06,89.71,55.44,100.37,63.25,73.28,35.1,76.11,62.02,44.81,19.14,Upgrade
6,"Selling, General & Admin",-47.56,14.38,15.79,17.39,32.48,18,19,17.35,22.86,18.07,13.76,19.71,29.88,20.19,15.49,12.52,14.1,14.13,12.92,9.92,Upgrade
7,Research & Development,-77.34,24.38,25.59,27.37,35.2,29.02,29.73,29.33,27.87,31.75,27.82,26.68,30.69,27.18,20.05,16.73,17.26,14.39,12.14,12.41,Upgrade
8,Other Operating Expenses,438.1,-9.27,1.01,-7.26,6.85,-6.84,-4.56,-12.4,-3.11,-5.09,-2.66,-5.63,3.71,-6.64,-4.84,-5.73,-1.31,-5.32,-1.82,-2.83,Upgrade
9,Operating Expenses,310.35,23.72,53.59,34.91,82.51,36.69,49.41,36.7,46.1,48.37,41.69,45.98,66.95,36.43,39.37,21.7,24.21,26.82,25.13,20.67,Upgrade
10,Operating Income,23.79,0.27,3.37,-12.08,15.13,10.38,48.53,-1.44,37.55,-3.32,48.03,9.46,33.42,26.82,33.91,13.41,51.9,35.2,19.68,-1.53,Upgrade
11,Interest Expense,-0.31,-0.47,-0.91,-0.99,-4.31,-0.43,-0.97,-0.36,-0.82,-,-0.04,-0.01,-1.38,-0.25,-0.72,-0.71,-1.3,-0.63,-0.69,-0.55,Upgrade
12,Interest & Investment Income,2.37,0.06,0.05,0.19,-,15.02,0.54,0.08,0.05,0.24,0.24,0.14,-,1.37,0.3,0.24,0.03,0.02,0.04,0.09,Upgrade
13,Earnings From Equity Investments,-,3.29,-3.29,-,-,6.16,-6.16,-,-,-,-,-,-,-,-,-,-,-,-,-,Upgrade
14,Other Non Operating Income (Expenses),0.44,-0.16,-0.17,-0.08,0.62,-0.93,-0.15,-0.12,-0.12,-0.24,0.01,-0.02,0.48,-0.27,-0.26,-0.62,0.17,-0.52,0,-0.77,Upgrade
15,EBT Excluding Unusual Items,26.3,3.01,-0.95,-12.97,11.44,30.2,41.78,-1.85,36.66,-3.32,48.23,9.58,32.52,27.66,33.23,12.32,50.8,34.07,19.03,-2.76,Upgrade
16,Gain (Loss) on Sale of Investments,4.82,-4.82,2.86,-2.86,-,-,3.18,-3.18,-5.39,-4.53,-2.64,-1.44,-0.94,-,-,-,-,-,-,-,Upgrade
17,Gain (Loss) on Sale of Assets,0.13,0.02,-0.15,-,-0.03,0,0,0.03,-0.05,0.04,-0.04,-,-0.01,0.04,-0.01,-,-0.03,0.02,0.02,-,Upgrade
18,Asset Writedown,0.26,-0.26,0.18,-0.18,5.18,-5.18,-0.1,0.1,3.9,-3.9,0.46,-0.46,0.44,-0.44,1.23,-1.23,1.17,-1.17,1.49,-1.49,Upgrade
19,Other Unusual Items,-,-9.78,9.78,-,16.18,-1.72,1.72,-,-3.85,0.8,-0.8,-,15.44,-3.68,3.68,-,-5.9,-0.19,0.19,-,Upgrade
20,Pretax Income,31.51,-11.84,11.72,-16,32.77,23.31,46.58,-4.9,31.27,-10.91,45.22,7.68,47.45,23.58,38.13,11.09,46.04,32.73,20.73,-4.25,Upgrade
21,Income Tax Expense,3.1,-0.98,-1.11,-4.89,-1.85,1.87,5.07,-3.6,0.52,-5.92,4.44,-1.13,4.22,1.03,1.82,1.66,5.8,3.36,2.34,-1.83,Upgrade
22,Net Income,28.41,-10.86,12.82,-11.12,34.61,21.43,41.52,-1.31,30.75,-4.99,40.78,8.81,43.23,22.55,36.31,9.43,40.25,29.37,18.39,-2.42,Upgrade
23,Net Income to Common,28.41,-10.86,12.82,-11.12,34.61,21.43,41.52,-1.31,30.75,-4.99,40.78,8.81,43.23,22.55,36.31,9.43,40.25,29.37,18.39,-2.42,Upgrade
24,Net Income Growth,-17.93%,-,-69.12%,-,12.55%,-,1.80%,-,-28.85%,-,12.32%,-6.56%,7.40%,-23.21%,97.45%,-,15.72%,-,-,-,Upgrade
25,Shares Outstanding (Basic),118,106,117,112,112,112,149,75,112,112,114,109,112,111,101,84,83,85,75,90,Upgrade
26,Shares Outstanding (Diluted),118,106,117,112,113,112,149,75,112,112,115,109,112,111,101,84,83,85,75,90,Upgrade
27,Shares Change (YoY),4.91%,-5.36%,-21.63%,49.14%,0.98%,0.30%,29.79%,-30.89%,-0.54%,0.53%,13.31%,29.73%,34.60%,31.01%,34.81%,-6.67%,0.48%,-,-,-,Upgrade
28,EPS (Basic),0.24,-0.10,0.11,-0.10,0.31,0.19,0.28,-0.02,0.28,-0.04,0.36,0.08,0.39,0.20,0.36,0.11,0.48,0.35,0.24,-0.03,Upgrade
29,EPS (Diluted),0.24,-0.10,0.11,-0.10,0.31,0.19,0.28,-0.02,0.28,-0.04,0.36,0.08,0.38,0.20,0.36,0.11,0.48,0.35,0.24,-0.03,Upgrade
30,EPS Growth,-21.78%,-,-60.59%,-,11.46%,-,-21.56%,-,-28.47%,-,-0.87%,-27.98%,-20.21%,-41.39%,46.47%,-,15.17%,-,-,-,Upgrade
31,Free Cash Flow,-,26.82,12.4,-63.69,80.15,-99.94,2.07,-60.52,41.81,-80.06,-34.88,-71.44,83.09,-10.09,-104.09,-61.54,60.71,13.15,-6.25,-46.63,Upgrade
32,Free Cash Flow Per Share,-,0.25,0.11,-0.57,0.71,-0.89,0.01,-0.81,0.37,-0.72,-0.30,-0.66,0.74,-0.09,-1.03,-0.73,0.73,0.16,-0.08,-0.52,Upgrade
33,Dividend Per Share,-,-,-,-,0.141,-,-,-,-,-,-,-,0.113,-,-,-,-,-,-,-,Upgrade
34,Gross Margin,145.74%,48.78%,51.56%,46.60%,36.99%,50.33%,41.30%,51.54%,42.80%,60.24%,52.84%,54.97%,57.63%,63.08%,60.61%,64.90%,59.62%,70.52%,59.40%,56.95%,Upgrade
35,Operating Margin,10.38%,0.56%,3.05%,-24.66%,5.73%,11.10%,20.47%,-2.11%,19.21%,-4.43%,28.29%,9.38%,19.19%,26.75%,28.05%,24.79%,40.65%,40.03%,26.08%,-4.55%,Upgrade
36,Profit Margin,12.39%,-22.08%,11.61%,-22.69%,13.11%,22.92%,17.51%,-1.91%,15.74%,-6.67%,24.02%,8.73%,24.82%,22.49%,30.03%,17.43%,31.53%,33.40%,24.37%,-7.21%,Upgrade
37,Free Cash Flow Margin,-,54.53%,11.22%,-130.00%,30.37%,-106.87%,0.87%,-88.47%,21.39%,-107.04%,-20.55%,-70.83%,47.70%,-10.07%,-86.10%,-113.77%,47.56%,14.96%,-8.28%,-138.72%,Upgrade
38,EBITDA,28.01,4.49,7.47,-7.87,19.35,12.86,52.76,1.03,40.02,-1.82,49.99,10.96,34.92,27.95,35.22,14.54,53,36.08,20.71,-0.62,Upgrade
39,EBITDA Margin,12.22%,9.13%,6.76%,-16.05%,7.33%,13.75%,22.25%,1.50%,20.48%,-2.43%,29.44%,10.87%,20.05%,27.87%,29.13%,26.87%,41.51%,41.02%,27.46%,-1.84%,Upgrade
40,D&A For EBITDA,4.22,4.22,4.1,4.22,4.22,2.47,4.23,2.47,2.47,1.5,1.97,1.5,1.5,1.13,1.31,1.13,1.1,0.87,1.04,0.91,Upgrade
41,EBIT,23.79,0.27,3.37,-12.08,15.13,10.38,48.53,-1.44,37.55,-3.32,48.03,9.46,33.42,26.82,33.91,13.41,51.9,35.2,19.68,-1.53,Upgrade
42,EBIT Margin,10.38%,0.56%,3.05%,-24.66%,5.73%,11.10%,20.47%,-2.11%,19.21%,-4.43%,28.29%,9.38%,19.19%,26.75%,28.05%,24.79%,40.65%,40.03%,26.08%,-4.55%,Upgrade
43,Effective Tax Rate,9.85%,-,-,-,-,8.04%,10.88%,-,1.65%,-,9.81%,-,8.90%,4.37%,4.78%,15.00%,12.59%,10.27%,11.30%,-,Upgrade
44,Revenue as Reported,-,-,-,48.99,-,-,-,68.41,-,-,-,-,-,-,-,-,-,-,-,-,Upgrade
