,Fiscal Quarter,Q3 2024,Q2 2024,Q1 2024,Q4 2023,Q3 2023,Q2 2023,Q1 2023,Q4 2022,Q3 2022,Q2 2022,Q1 2022,Q4 2021,Q3 2021,Q2 2021,Q1 2021,Q4 2020,Q3 2020,Q2 2020,Q1 2020,Q4 2019,+20 Quarters
,Period Ending,"Sep '24 Sep 30, 2024","Jun '24 Jun 30, 2024","Mar '24 Mar 31, 2024","Dec '23 Dec 31, 2023","Sep '23 Sep 30, 2023","Jun '23 Jun 30, 2023","Mar '23 Mar 31, 2023","Jan '23 Jan 1, 2023","Sep '22 Sep 30, 2022","Jun '22 Jun 30, 2022","Mar '22 Mar 31, 2022","Jan '22 Jan 1, 2022","Sep '21 Sep 30, 2021","Jun '21 Jun 30, 2021","Mar '21 Mar 31, 2021","Dec '20 Dec 31, 2020","Sep '20 Sep 30, 2020","Jun '20 Jun 30, 2020","Mar '20 Mar 31, 2020","Dec '19 Dec 31, 2019",+20 Quarters
0,Operating Revenue,88.28,91.09,75.46,105.43,79.34,87.04,71.62,107.89,127.19,133.44,118.02,181.8,152.56,183.13,165.25,125.24,196.72,183.64,141.05,207.95,Upgrade
1,Other Revenue,-0.62,0.62,-,2.68,-0.57,0.57,-,2.4,-0.92,0.92,-,2,-0.68,0.68,-,1.89,-0,0,-,2.57,Upgrade
2,Revenue,87.65,91.72,75.46,108.11,78.77,87.61,71.62,110.3,126.26,134.37,118.02,183.8,151.88,183.81,165.25,127.14,196.72,183.64,141.05,210.52,Upgrade
3,Revenue Growth (YoY),11.28%,4.69%,5.36%,-1.99%,-37.61%,-34.80%,-39.31%,-39.99%,-16.87%,-26.90%,-28.59%,44.57%,-22.79%,0.09%,17.16%,-39.61%,-29.11%,-34.04%,-52.89%,-38.15%,Upgrade
4,Cost of Revenue,21.86,87.02,51.53,100.89,48.62,57.48,57.44,108.39,82.37,99.89,84.59,173.65,107.09,125.73,116.77,127.29,136.14,131.69,113.64,191.2,Upgrade
5,Gross Profit,65.79,4.7,23.93,7.22,30.15,30.13,14.18,1.91,43.89,34.48,33.43,10.16,44.79,58.08,48.49,-0.15,60.58,51.95,27.41,19.32,Upgrade
6,"Selling, General & Admin",72.42,37.86,31.7,97.22,43,34.6,28.95,47.1,57.93,48.75,34.8,96.29,34.98,48.7,46.72,70.2,60.85,50.13,49.43,355.1,Upgrade
7,Research & Development,1.15,2.17,1.99,6.82,1.89,2.14,2.1,8.19,3.48,3.15,3.17,5.3,2.63,5.55,3.15,6.16,3.32,3.83,3.12,81.54,Upgrade
8,Other Operating Expenses,3.24,4.2,2.8,4.43,3.01,3.39,1.25,14.96,2.36,-8.34,3.38,4.83,3.4,2.92,2.5,12.32,0.46,0.58,-1.13,50.62,Upgrade
9,Operating Expenses,76.29,65.82,36.49,92.54,55.9,56.7,32.3,52.1,79.69,116.3,41.36,65.04,62.56,190.9,52.37,111.3,147.88,54.54,51.42,624.06,Upgrade
10,Operating Income,-10.49,-61.12,-12.56,-85.32,-25.75,-26.57,-18.11,-50.19,-35.8,-81.82,-7.93,-54.88,-17.76,-132.82,-3.89,-111.45,-87.31,-2.59,-24.01,-604.74,Upgrade
11,Interest Expense,-41.78,-47.52,-33.49,-34.11,-48.62,-49.22,-37.5,-44.56,-49.36,-74.99,-37.71,-63.92,-28.96,-43.09,-30.31,-53.43,-30.02,-40.54,-19.5,-93.38,Upgrade
12,Interest & Investment Income,0.49,0.03,0.03,-,0.03,-,30.2,158.91,0.01,0.01,0.01,0.37,0.01,0.02,0.03,0.35,0,0.02,3.04,0.43,Upgrade
13,Other Non Operating Income (Expenses),3.95,-6.16,-5.23,-5.26,4.27,-21.92,-4.4,1.77,17.36,-34.16,-4.58,26.16,-26.23,-23.61,-0.45,-51.03,0.86,-4.07,-1.09,-46.8,Upgrade
14,EBT Excluding Unusual Items,-47.84,-114.76,-51.24,-124.68,-70.07,-97.71,-29.82,65.92,-67.79,-190.96,-50.21,-92.28,-72.94,-199.51,-34.62,-215.57,-116.46,-47.18,-41.57,-744.49,Upgrade
15,Impairment of Goodwill,-,-,-,-57.49,-,-,-,-4.71,-,-,-,-,-,-,-,-1.39,-,-,-,-477.38,Upgrade
16,Gain (Loss) on Sale of Assets,-,-,0.59,6.38,-,0.07,-0.01,-0.44,-0.01,-0.05,-,0.24,0.07,-0.04,-0.24,-0.02,0.01,0.15,-,0.26,Upgrade
17,Asset Writedown,-43.91,-,-,-3.46,-,-,-,-0.11,-,-,-,-1.66,0.04,-,-,-,-,-,-,-592.78,Upgrade
18,Legal Settlements,-,-,-,-0.55,0.01,-0.01,-,-4.86,4.36,-4.36,-,-1.78,-,-,-,-,-,-,-,-,Upgrade
19,Other Unusual Items,-18.8,-5.15,-5.96,-65.05,-,-,-,-25.98,-,-,-,-60.97,-,-,-,8.68,-,-,-,43.5,Upgrade
20,Pretax Income,-110.55,-119.91,-56.61,-244.85,-70.06,-97.65,-29.83,29.83,-63.43,-195.37,-50.21,-156.45,-72.83,-199.56,-34.85,-208.31,-116.46,-47.03,-41.57,-1771,Upgrade
21,Income Tax Expense,2.29,0.7,3.89,-0.28,1.49,1.18,1.14,2.86,1.72,0.88,2.07,4.76,0.17,2.07,0.63,3.65,0.16,0.81,0.11,18.67,Upgrade
22,Earnings From Continuing Operations,-112.85,-120.61,-60.5,-244.57,-71.54,-98.83,-30.96,26.97,-65.16,-196.25,-52.28,-161.2,-73,-201.63,-35.48,-211.95,-116.61,-47.84,-41.68,-1790,Upgrade
23,Minority Interest in Earnings,20.14,22.93,19.65,39.36,18.63,27.87,10.73,5.12,0.24,5.65,0.13,16.25,1,1.6,1.14,30.28,4.81,1.75,0.94,5.61,Upgrade
24,Net Income,-92.71,-97.68,-40.85,-205.2,-52.92,-70.96,-20.23,32.09,-64.92,-190.61,-52.15,-144.96,-72,-200.03,-34.34,-181.67,-111.81,-46.09,-40.74,-1784,Upgrade
25,Net Income to Common,-92.71,-97.68,-40.85,-205.2,-52.92,-70.96,-20.23,32.09,-64.92,-190.61,-52.15,-144.96,-72,-200.03,-34.34,-181.67,-111.81,-46.09,-40.74,-1784,Upgrade
26,Shares Outstanding (Basic),666,666,666,666,666,667,666,665,666,666,666,666,666,667,665,666,667,666,666,670,Upgrade
27,Shares Outstanding (Diluted),666,666,666,666,666,667,666,665,666,666,666,666,666,667,665,666,667,666,666,670,Upgrade
28,Shares Change (YoY),0.06%,-0.17%,0.14%,0.21%,-0.05%,0.11%,-0.08%,-0.21%,-0.02%,-0.09%,0.09%,0.06%,-0.09%,0.08%,-0.03%,-0.69%,19.14%,8.93%,-7.82%,1.65%,Upgrade
29,EPS (Basic),-0.14,-0.15,-0.06,-0.31,-0.08,-0.11,-0.03,0.05,-0.10,-0.29,-0.08,-0.22,-0.11,-0.30,-0.05,-0.27,-0.17,-0.07,-0.06,-2.66,Upgrade
30,EPS (Diluted),-0.14,-0.15,-0.06,-0.31,-0.08,-0.11,-0.03,0.05,-0.10,-0.29,-0.08,-0.22,-0.11,-0.30,-0.05,-0.27,-0.17,-0.07,-0.06,-2.66,Upgrade
31,Free Cash Flow,-0.18,-7.23,0.86,-37.86,0.23,7.26,-7.18,-54.27,7.92,1,2.67,-45.05,25.35,18.69,17.33,23.15,-4.56,-90.6,-80.11,-13.19,Upgrade
32,Free Cash Flow Per Share,-0.00,-0.01,0.00,-0.06,0.00,0.01,-0.01,-0.08,0.01,0.00,0.00,-0.07,0.04,0.03,0.03,0.03,-0.01,-0.14,-0.12,-0.02,Upgrade
33,Gross Margin,75.06%,5.12%,31.71%,6.68%,38.27%,34.39%,19.80%,1.73%,34.76%,25.66%,28.33%,5.53%,29.49%,31.60%,29.34%,-0.12%,30.79%,28.29%,19.43%,9.18%,Upgrade
34,Operating Margin,-11.97%,-66.64%,-16.64%,-78.92%,-32.70%,-30.32%,-25.29%,-45.51%,-28.35%,-60.89%,-6.72%,-29.86%,-11.70%,-72.26%,-2.35%,-87.66%,-44.38%,-1.41%,-17.02%,-287.26%,Upgrade
35,Profit Margin,-105.76%,-106.50%,-54.14%,-189.82%,-67.18%,-80.99%,-28.25%,29.09%,-51.42%,-141.85%,-44.19%,-78.86%,-47.41%,-108.82%,-20.78%,-142.90%,-56.84%,-25.10%,-28.88%,-847.39%,Upgrade
36,Free Cash Flow Margin,-0.20%,-7.89%,1.14%,-35.02%,0.29%,8.29%,-10.02%,-49.21%,6.28%,0.74%,2.26%,-24.51%,16.69%,10.17%,10.49%,18.21%,-2.32%,-49.34%,-56.79%,-6.27%,Upgrade
37,EBITDA,3.79,-47.08,1.72,-71.04,-7.42,-11.27,0.22,-31.86,-15.12,-63.86,12.75,-34.21,4.7,-110.14,18.58,-88.99,-62.83,16.34,0.46,-580.26,Upgrade
38,EBITDA Margin,4.32%,-51.33%,2.28%,-65.71%,-9.42%,-12.86%,0.30%,-28.89%,-11.98%,-47.53%,10.80%,-18.61%,3.10%,-59.92%,11.24%,-69.99%,-31.94%,8.90%,0.33%,-275.63%,Upgrade
39,D&A For EBITDA,14.28,14.04,14.28,14.28,18.33,15.3,18.33,18.33,20.67,17.96,20.67,20.67,22.47,22.68,22.47,22.47,24.47,18.93,24.47,24.47,Upgrade
40,EBIT,-10.49,-61.12,-12.56,-85.32,-25.75,-26.57,-18.11,-50.19,-35.8,-81.82,-7.93,-54.88,-17.76,-132.82,-3.89,-111.45,-87.31,-2.59,-24.01,-604.74,Upgrade
41,EBIT Margin,-11.97%,-66.64%,-16.64%,-78.92%,-32.70%,-30.32%,-25.29%,-45.51%,-28.35%,-60.89%,-6.72%,-29.86%,-11.70%,-72.26%,-2.35%,-87.66%,-44.38%,-1.41%,-17.02%,-287.26%,Upgrade
42,Effective Tax Rate,-,-,-,-,-,-,-,9.60%,-,-,-,-,-,-,-,-,-,-,-,-,Upgrade
43,Revenue as Reported,87.65,91.72,75.46,108.11,78.77,87.61,71.62,110.3,126.26,134.37,118.02,183.8,151.88,183.81,165.25,127.14,196.72,183.64,141.05,210.52,Upgrade
