,Fiscal Quarter,Q3 2024,Q2 2024,Q1 2024,Q4 2023,Q3 2023,Q2 2023,Q1 2023,Q4 2022,Q3 2022,Q2 2022,Q1 2022,Q4 2021,Q3 2021,Q2 2021,Q1 2021,Q4 2020,Q3 2020,Q2 2020,Q1 2020,Q4 2019,+20 Quarters
,Period Ending,"Sep '24 Sep 30, 2024","Jun '24 Jun 30, 2024","Mar '24 Mar 31, 2024","Dec '23 Dec 31, 2023","Sep '23 Sep 30, 2023","Jun '23 Jun 30, 2023","Mar '23 Mar 31, 2023","Dec '22 Dec 31, 2022","Sep '22 Sep 30, 2022","Jun '22 Jun 30, 2022","Mar '22 Mar 31, 2022","Dec '21 Dec 31, 2021","Sep '21 Sep 30, 2021","Jun '21 Jun 30, 2021","Mar '21 Mar 31, 2021","Dec '20 Dec 31, 2020","Sep '20 Sep 30, 2020","Jun '20 Jun 30, 2020","Mar '20 Mar 31, 2020","Dec '19 Dec 31, 2019",+20 Quarters
0,Interest Income on Loans,-,-,10157,10214,10300,10148,9488,9357,9147,8798,8493,8330,8261,8215,7775,7873,7436,7004,6906,7660,Upgrade
1,Interest Paid on Deposits,-,-,5154,5221,5155,5072,4674,4510,4495,4483,4339,4261,4133,4122,3953,3693,3630,3494,3442,3403,Upgrade
2,Net Interest Income,1845,8039,5004,4992,5145,5076,4814,4847,4652,4315,4154,4069,4127,4093,3822,4181,3806,3510,3465,4257,Upgrade
3,Net Interest Income Growth (YoY),-64.13%,58.36%,3.94%,3.00%,10.59%,17.65%,15.90%,19.12%,12.70%,5.41%,8.68%,-2.67%,8.45%,16.62%,10.31%,-1.81%,21.32%,18.71%,21.61%,38.77%,Upgrade
4,Gain (Loss) on Sale of Assets,4.54,-4.21,4.21,-3.35,-1.57,-0.28,-68.36,6.71,-1.17,-7.69,-0.14,-43.25,19.63,411.37,-4.13,-1.17,1.93,-2.27,-0.17,2.85,Upgrade
5,Gain (Loss) on Sale of Investments,2300,-767.59,767.59,-2173,2371,-889.44,967.54,-1921,1981,-555.54,838.23,-1687,1736,-532.43,520.86,-1873,1861,-1151,1140,-1425,Upgrade
6,Other Non-Interest Income,2278,-785.39,785.39,3201,-1373,2346,367.9,2593,-598.43,2121,395.37,2788,-550.01,1576,471.09,2565,-1386,1719,147.59,1749,Upgrade
7,Total Non-Interest Income,4583,-1557,1557,1025,996.07,1456,1267,679.25,1381,1557,1233,1057,1206,1455,987.82,690.51,476.87,565.73,1288,327.49,Upgrade
8,Non-Interest Income Growth (YoY),360.11%,-,22.90%,50.94%,-27.89%,-6.51%,2.73%,-35.76%,14.57%,7.05%,24.87%,53.14%,152.82%,157.17%,-23.29%,110.85%,-56.92%,-43.34%,-4.86%,-49.88%,Upgrade
9,Revenues Before Loan Losses,6428,6481,6561,6018,6141,6532,6081,5526,6033,5872,5387,5126,5333,5548,4810,4871,4283,4076,4753,4585,Upgrade
10,Provision for Loan Losses,6473,-2125,2125,1880,2085,2338,1879,1839,1989,2110,1503,1705,1773,1867,1310,1763,1189,1246,1494,1675,Upgrade
11,Revenue,-45.32,8607,4436,4138,4056,4195,4203,3688,4044,3762,3884,3422,3560,3681,3500,3108,3094,2830,3259,2909,Upgrade
12,Revenue Growth (YoY),-,105.18%,5.54%,12.21%,0.29%,11.50%,8.19%,7.77%,13.59%,2.21%,10.99%,10.08%,15.07%,30.06%,7.39%,6.84%,1.53%,1.00%,6.45%,23.75%,Upgrade
13,"Selling, General & Administrative",5170,-1755,1755,2010,1691,1625,1607,1775,1718,1433,1546,1797,1482,1226,1430,1733,1223,1081,1305,1694,Upgrade
14,Other Non-Interest Expense,-7764,7899,60.1,59.54,58.02,62.07,57.06,52.15,54.19,65.72,43.72,39.69,47.27,47.08,41.73,46.14,41.12,49.77,28.74,39.68,Upgrade
15,Total Non-Interest Expense,-2593,6168,1829,2114,1755,1687,1663,1809,1780,1521,1592,1874,1531,1289,1473,1786,1265,1148,1338,1736,Upgrade
16,EBT Excluding Unusual Items,2548,2439,2607,2024,2300,2508,2540,1878,2263,2241,2292,1548,2030,2391,2027,1323,1829,1682,1921,1173,Upgrade
17,Asset Writedown,-,-,-,-2.14,0.37,-0.37,-,-3.62,1.44,-1.44,-,-12.44,1.34,-1.34,-,-5.64,-,-,-,-,Upgrade
18,Other Unusual Items,-,-,-,22.24,-12.04,8.71,-,14.07,-,-,-,25.86,-,-,-,15.9,-,-,-,-3.46,Upgrade
19,Pretax Income,2548,2439,2607,2044,2289,2516,2540,1889,2265,2240,2292,1561,2031,2390,2027,1333,1829,1682,1921,1170,Upgrade
20,Income Tax Expense,336.65,497.52,427.73,312.48,374.65,399.39,449.11,338.23,406.81,390.43,406.76,237.15,374.39,445.51,382.4,203.05,359.23,285.24,356.68,147.55,Upgrade
21,Earnings From Continuing Operations,2211,1941,2179,1731,1914,2116,2090,1551,1858,1849,1886,1324,1656,1944,1645,1130,1469,1397,1564,1022,Upgrade
22,Minority Interest in Earnings,-145.32,86.04,-86.04,-112.77,-31.12,-134.01,-111.05,-91.19,-87.93,-88.92,-64.38,-59.62,-97.08,-74.7,-33.87,-39.91,-93.53,-57.48,-31.19,-89.73,Upgrade
23,Net Income,2066,2027,2093,1618,1883,1982,1979,1459,1770,1760,1821,1264,1559,1870,1611,1090,1376,1339,1533,932.41,Upgrade
24,Net Income to Common,2066,2027,2093,1618,1883,1982,1979,1459,1770,1760,1821,1264,1559,1870,1611,1090,1376,1339,1533,932.41,Upgrade
25,Net Income Growth,9.72%,2.27%,5.75%,10.89%,6.37%,12.61%,8.68%,15.42%,13.51%,-5.83%,13.05%,15.98%,13.33%,39.62%,5.07%,16.93%,-6.80%,2.79%,12.01%,24.42%,Upgrade
26,Basic Shares Outstanding,3972,4054,4026,3994,4049,4004,4040,4851,4023,4002,4047,4815,4049,3978,3428,4248,3439,3432,3407,3447,Upgrade
27,Diluted Shares Outstanding,3972,4054,4026,3994,4049,4004,4040,4851,4023,4002,4047,4815,4049,3978,3428,4248,3439,3432,3407,3447,Upgrade
28,Shares Change (YoY),-1.91%,1.27%,-0.35%,-17.66%,0.65%,0.05%,-0.19%,0.74%,-0.65%,0.60%,18.08%,13.33%,17.73%,15.92%,0.60%,23.27%,0.17%,0.10%,-0.44%,2.27%,Upgrade
29,EPS (Basic),0.52,0.50,0.52,0.41,0.46,0.50,0.49,0.30,0.44,0.44,0.45,0.26,0.39,0.47,0.47,0.26,0.40,0.39,0.45,0.27,Upgrade
30,EPS (Diluted),0.52,0.50,0.52,0.33,0.46,0.50,0.49,0.30,0.44,0.44,0.45,0.26,0.39,0.47,0.47,0.26,0.40,0.39,0.45,0.27,Upgrade
31,EPS Growth,13.03%,0.99%,6.12%,9.33%,4.58%,12.55%,8.89%,14.57%,14.25%,-6.40%,-4.26%,2.33%,-3.74%,20.45%,4.44%,-5.14%,-6.96%,2.68%,12.50%,21.65%,Upgrade
32,Dividend Per Share,-,-,-,0.380,-,-,-,0.350,-,-,-,0.350,-,-,-,0.320,-,-,-,0.320,Upgrade
33,Dividend Growth,-,-,-,8.57%,-,-,-,0%,-,-,-,9.38%,-,-,-,0%,-,-,-,14.29%,Upgrade
34,Effective Tax Rate,13.21%,20.40%,16.41%,15.29%,16.37%,15.88%,17.68%,17.91%,17.96%,17.43%,17.74%,15.19%,18.43%,18.64%,18.86%,15.23%,19.64%,16.96%,18.57%,12.61%,Upgrade
