,Fiscal Quarter,Q2 2025,Q1 2025,Q4 2024,Q3 2024,Q2 2024,Q1 2024,Q4 2023,Q3 2023,Q2 2023,Q1 2023,Q4 2022,Q3 2022,Q2 2022,Q1 2022,Q4 2021,Q3 2021,Q2 2021,Q1 2021,Q4 2020,Q3 2020,+20 Quarters
,Period Ending,"Sep '24 Sep 30, 2024","Jun '24 Jun 30, 2024","Mar '24 Mar 31, 2024","Dec '23 Dec 31, 2023","Sep '23 Sep 30, 2023","Jun '23 Jun 30, 2023","Mar '23 Mar 31, 2023","Dec '22 Dec 31, 2022","Sep '22 Sep 30, 2022","Jun '22 Jun 30, 2022","Mar '22 Mar 31, 2022","Dec '21 Dec 31, 2021","Sep '21 Sep 30, 2021","Jun '21 Jun 30, 2021","Mar '21 Mar 31, 2021","Dec '20 Dec 31, 2020","Sep '20 Sep 30, 2020","Jun '20 Jun 30, 2020","Mar '20 Mar 31, 2020","Dec '19 Dec 31, 2019",+20 Quarters
0,Revenue,5.22,5.22,6.42,6.42,12.2,13.93,14.37,12.58,14.34,14.06,14.27,13.6,13.09,13.27,17.33,14.02,12.71,9.83,8.62,35.19,Upgrade
1,Revenue Growth (YoY),-57.23%,-62.53%,-55.33%,-48.99%,-14.94%,-0.94%,0.69%,-7.49%,9.55%,5.92%,-17.66%,-2.95%,3.00%,35.07%,101.04%,-60.16%,-72.57%,-81.95%,-86.25%,-61.79%,Upgrade
2,Cost of Revenue,1.13,1.13,6.78,6.78,3.08,3.65,19.95,3.21,2.9,2.29,21.17,1.8,2.23,2.38,19.83,0.58,4.74,2.29,47.7,10.85,Upgrade
3,Gross Profit,4.09,4.09,-0.36,-0.36,9.12,10.27,-5.58,9.38,11.45,11.77,-6.9,11.81,10.86,10.89,-2.5,13.44,7.97,7.54,-39.08,24.34,Upgrade
4,"Selling, General & Admin",5.5,5.5,1.89,1.89,12.29,13.11,-4.93,13.16,14.05,15.03,3.16,16.63,20.56,22,10.36,28.23,15.7,15.95,-26.65,30.79,Upgrade
5,Other Operating Expenses,-0.03,-0.03,-0.02,-0.02,-0.05,-0.03,0.66,-0.24,-0.15,-0.1,0.45,-0.03,-1.08,-1.07,2.18,-0.94,-2.73,-1.13,4.2,-1.17,Upgrade
6,Operating Expenses,5.47,5.47,1.88,1.88,12.24,13.08,-4.27,12.92,13.9,14.93,3.69,16.6,19.4,20.93,11.27,27.29,12.98,14.82,-22.44,29.62,Upgrade
7,Operating Income,-1.38,-1.38,-2.23,-2.23,-3.12,-2.81,-1.31,-3.54,-2.45,-3.16,-10.59,-4.79,-8.54,-10.04,-13.76,-13.85,-5.01,-7.27,-16.64,-5.29,Upgrade
8,Interest Expense,-0.08,-0.08,-0.08,-0.08,-0.08,-0.08,-0.09,-0.09,-0.11,-0.13,-0.29,-0.05,-0.75,-0.56,-1.93,-,-1.57,-0.04,-6.8,-0.07,Upgrade
9,Interest & Investment Income,-,-,0.01,0.01,-,0.02,0.45,-,-,0.21,0.36,-,-,0.04,1.24,-,-,-,2.42,-,Upgrade
10,Currency Exchange Gain (Loss),-,-,-,-,-,-,-,-,-,-,-,-,-,-,0.13,-,-,-,-,-,Upgrade
11,Other Non Operating Income (Expenses),-,-,0.19,0.19,-,-,0.29,-,-,0.08,0.55,-,-,-,-,2.65,-,-,-0.08,-,Upgrade
12,EBT Excluding Unusual Items,-1.46,-1.46,-2.12,-2.12,-3.2,-2.87,-0.66,-3.63,-2.56,-3,-9.96,-4.84,-9.3,-10.56,-14.32,-11.2,-6.58,-7.31,-21.1,-5.35,Upgrade
13,Impairment of Goodwill,-,-,-,-,-,-,-,-,-,-,-6.11,-,-,-,-,-,-,-,-13.99,-,Upgrade
14,Gain (Loss) on Sale of Investments,0.03,0.03,-0.08,-0.08,-0.12,-0.15,0.12,0.07,-0.15,-,1.54,-,-,-,-0.57,-,-,-,-1.36,-,Upgrade
15,Gain (Loss) on Sale of Assets,5.23,5.23,-1.04,-1.04,-,-,-,-,-,-,-,-,31.68,-,-,-,-,-,-13.35,-,Upgrade
16,Asset Writedown,-,-,-1.76,-1.76,-,-,-0.57,-,-,-,-,-,-,-,-,-,-,-,-1.1,-,Upgrade
17,Legal Settlements,-,-,-,-,-,-,4.56,-,-,-,-,-,-,-,-,-,-,-,-,-,Upgrade
18,Other Unusual Items,-,-,-,-,-,-,0.19,-,-,-,-,-,-,-,0.58,-,-,-,-,-,Upgrade
19,Pretax Income,3.8,3.8,-5,-5,-3.33,-3.02,3.63,-3.55,-2.72,-3,-14.53,-4.84,22.39,-10.56,-14.31,-11.2,-6.58,-7.31,-50.89,-5.35,Upgrade
20,Income Tax Expense,-,-,-0.01,-0.01,-0.02,1.09,-1.2,-0.04,-,1.27,1.23,0.05,-,0.04,-,-,-,-,0.02,0.3,Upgrade
21,Earnings From Continuing Operations,3.8,3.8,-4.99,-4.99,-3.31,-4.1,4.83,-3.51,-2.72,-4.28,-15.76,-4.89,22.39,-10.6,-14.31,-11.2,-6.58,-7.31,-50.91,-5.66,Upgrade
22,Net Income to Company,3.8,3.8,-4.99,-4.99,-3.31,-4.1,4.83,-3.51,-2.72,-4.28,-15.76,-4.89,22.39,-10.6,-14.31,-11.2,-6.58,-7.31,-50.91,-5.66,Upgrade
23,Minority Interest in Earnings,0,0,0.01,0.01,-0,0.25,-0.64,0.15,-0.04,0.32,0.34,0.42,-6.44,1.86,0.01,4.32,2.71,2.18,7.96,0,Upgrade
24,Net Income,3.8,3.8,-4.97,-4.97,-3.31,-3.85,4.2,-3.37,-2.76,-3.95,-15.42,-4.48,15.95,-8.74,-14.3,-6.88,-3.87,-5.13,-42.95,-5.65,Upgrade
25,Net Income to Common,3.8,3.8,-4.97,-4.97,-3.31,-3.85,4.2,-3.37,-2.76,-3.95,-15.42,-4.48,15.95,-8.74,-14.3,-6.88,-3.87,-5.13,-42.95,-5.65,Upgrade
26,Shares Outstanding (Basic),583,583,583,583,583,583,583,583,583,-,583,583,564,-,583,583,583,-,583,583,Upgrade
27,Shares Outstanding (Diluted),583,583,583,583,583,583,583,583,583,-,583,583,564,-,583,583,583,-,583,583,Upgrade
28,Shares Change (YoY),-,-0.00%,-0.00%,-0.00%,-,-,-,-,3.50%,-,-,-,-3.38%,-,-,0.13%,0.58%,-,-,19.71%,Upgrade
29,EPS (Basic),0.01,0.01,-0.01,-0.01,-0.01,-0.01,0.01,-0.01,-0.00,-,-0.03,-0.01,0.03,-,-0.02,-0.01,-0.01,-,-0.07,-0.01,Upgrade
30,EPS (Diluted),0.01,0.01,-0.01,-0.01,-0.01,-0.01,0.01,-0.01,-0.00,-,-0.03,-0.01,0.03,-,-0.02,-0.01,-0.01,-,-0.07,-0.01,Upgrade
31,Free Cash Flow,0.24,0.24,-8.13,-8.13,-,-,-,-,-,-,-,-,-,-,-,-,-,-,-,-,Upgrade
32,Free Cash Flow Per Share,0.00,0.00,-0.01,-0.01,-,-,-,-,-,-,-,-,-,-,-,-,-,-,-,-,Upgrade
33,Gross Margin,78.40%,78.40%,-5.59%,-5.59%,74.74%,73.78%,-38.85%,74.53%,79.81%,83.70%,-48.34%,86.79%,82.94%,82.08%,-14.41%,95.86%,62.68%,76.75%,-,69.17%,Upgrade
34,Operating Margin,-26.51%,-26.51%,-34.81%,-34.81%,-25.57%,-20.16%,-9.13%,-28.12%,-17.08%,-22.51%,-74.21%,-35.22%,-65.25%,-75.61%,-79.41%,-98.83%,-39.41%,-74.03%,-193.02%,-15.02%,Upgrade
35,Profit Margin,72.85%,72.85%,-77.50%,-77.50%,-27.13%,-27.66%,29.20%,-26.76%,-19.22%,-28.13%,-108.04%,-32.91%,121.80%,-65.85%,-82.52%,-49.08%,-30.43%,-52.24%,-498.18%,-16.06%,Upgrade
36,Free Cash Flow Margin,4.56%,4.56%,-126.62%,-126.62%,-,-,-,-,-,-,-,-,-,-,-,-,-,-,-,-,Upgrade
37,EBITDA,-0.76,-0.76,-1.45,-1.45,-2.51,-2.09,-0.59,-2.11,-0.96,-1.74,-9.17,-2.58,-5.55,-7.82,-11.55,-11.48,-4.27,-4.9,-14.26,0.38,Upgrade
38,EBITDA Margin,-14.47%,-14.47%,-22.60%,-22.60%,-20.59%,-15.00%,-4.13%,-16.80%,-6.67%,-12.38%,-64.23%,-18.95%,-42.41%,-58.93%,-66.64%,-81.87%,-33.59%,-49.83%,-165.44%,1.09%,Upgrade
39,D&A For EBITDA,0.63,0.63,0.78,0.78,0.61,0.72,0.72,1.42,1.49,1.42,1.42,2.21,2.99,2.21,2.21,2.38,0.74,2.38,2.38,5.67,Upgrade
40,EBIT,-1.38,-1.38,-2.23,-2.23,-3.12,-2.81,-1.31,-3.54,-2.45,-3.16,-10.59,-4.79,-8.54,-10.04,-13.76,-13.85,-5.01,-7.27,-16.64,-5.29,Upgrade
41,EBIT Margin,-26.51%,-26.51%,-34.81%,-34.81%,-25.57%,-20.16%,-9.13%,-28.12%,-17.08%,-22.51%,-74.21%,-35.22%,-65.25%,-75.61%,-79.41%,-98.83%,-39.41%,-74.03%,-193.02%,-15.02%,Upgrade
