,Fiscal Quarter,Q3 2024,Q2 2024,Q1 2024,Q4 2023,Q3 2023,Q2 2023,Q1 2023,Q4 2022,Q3 2022,Q2 2022,Q1 2022,Q4 2021,Q3 2021,Q2 2021,Q1 2021,Q4 2020,Q3 2020,Q2 2020,Q1 2020,Q4 2019,+20 Quarters
,Period Ending,"Sep '24 Sep 30, 2024","Jun '24 Jun 30, 2024","Mar '24 Mar 31, 2024","Dec '23 Dec 31, 2023","Sep '23 Sep 30, 2023","Jun '23 Jun 30, 2023","Mar '23 Mar 31, 2023","Dec '22 Dec 31, 2022","Sep '22 Sep 30, 2022","Jun '22 Jun 30, 2022","Mar '22 Mar 31, 2022","Dec '21 Dec 31, 2021","Sep '21 Sep 30, 2021","Jun '21 Jun 30, 2021","Mar '21 Mar 31, 2021","Dec '20 Dec 31, 2020","Sep '20 Sep 30, 2020","Jun '20 Jun 30, 2020","Mar '20 Mar 31, 2020","Dec '19 Dec 31, 2019",+20 Quarters
0,Revenue,92782,97845,99496,90904,89860,94611,97222,90966,87717,87239,89022,83365,80315,81902,82272,78483,74958,76573,73824,73395,Upgrade
1,Revenue Growth (YoY),3.25%,3.42%,2.34%,-0.07%,2.44%,8.45%,9.21%,9.12%,9.22%,6.52%,8.20%,6.22%,7.15%,6.96%,11.44%,6.93%,3.87%,6.64%,0.93%,3.13%,Upgrade
2,Cost of Revenue,41782,43138,42952,33518,40121,43964,43596,34398,40745,39298,40357,35058,36701,38487,38119,33507,33993,35017,31885,28871,Upgrade
3,Gross Profit,51000,54707,56544,57386,49739,50647,53626,56568,46972,47941,48665,48307,43614,43415,44153,44976,40965,41556,41939,44524,Upgrade
4,"Selling, General & Admin",81096,-29173,29933,-62866,74380,-27083,27896,-55112,65771,-22562,23634,-45982,54784,-19455,20516,-41783,51243,-17365,18378,9012,Upgrade
5,Other Operating Expenses,-55480,55480,-,98078,-49999,49914,-,87364,-42942,42942,-,69557,-35539,35539,-,63954,-34525,31751,-,12120,Upgrade
6,Operating Expenses,46471,47486,51115,56598,45424,43957,49188,55390,44621,41151,44762,44725,42371,36902,41074,42752,37842,35490,38586,41708,Upgrade
7,Operating Income,4529,7221,5429,788,4315,6690,4438,1178,2351,6790,3903,3582,1243,6513,3079,2224,3123,6066,3353,2816,Upgrade
8,Interest Expense,-472,-476,-431,-531,-445,-490,-515,-287,-203,-249,-321,-405,-521,-412,-186,-326,-427,-385,-437,-401,Upgrade
9,Interest & Investment Income,238,758,447,1122,284,820,462,1086,168,754,326,1490,-,739,236,717,351,469,312,544,Upgrade
10,Earnings From Equity Investments,995,1072,1081,1123,1055,1064,1080,901,892,1039,914,908,581,883,938,817,569,502,487,484,Upgrade
11,Currency Exchange Gain (Loss),-1,1,-,55,-133,133,-,15,-69,69,-,-8,5,-5,-,-46,-,9,-,-39,Upgrade
12,Other Non Operating Income (Expenses),1346,1098,713,70,1169,448,1081,180,1574,436,927,249,1857,286,648,984,429,243,389,483,Upgrade
13,EBT Excluding Unusual Items,6635,9674,7239,2627,6245,8665,6546,3073,4713,8839,5749,5816,3165,8004,4715,4370,4045,6904,4104,3887,Upgrade
14,Gain (Loss) on Sale of Investments,-6,6,-,128,-109,109,-,96,-8,8,-,-24,-49,49,-,241,-,7,-,120,Upgrade
15,Gain (Loss) on Sale of Assets,-,-,-,-1181,-85,-,-,-1882,1180,-1180,-,-3749,1479,-1479,-,-2365,-,-1279,-,-2179,Upgrade
16,Pretax Income,6629,9680,7239,1574,6051,8774,6546,1287,5885,7667,5749,2043,4595,6574,4715,2246,4045,5632,4104,1828,Upgrade
17,Income Tax Expense,1384,1474,1609,29,1174,1472,1348,172,1159,1324,1096,527,812,1229,852,546,766,1216,922,298,Upgrade
18,Earnings From Continuing Operations,5245,8206,5630,1545,4877,7302,5198,1115,4726,6343,4653,1516,3783,5345,3863,1700,3279,4416,3182,1530,Upgrade
19,Minority Interest in Earnings,-8,-26,-17,-65,-22,-66,-43,-37,-16,-20,-19,-71,-27,-21,-20,-31,-24,-13,-16,-23,Upgrade
20,Net Income,5237,8180,5613,1480,4855,7236,5155,1078,4710,6323,4634,1445,3756,5324,3843,1669,3255,4403,3166,1507,Upgrade
21,Net Income to Common,5237,8180,5613,1480,4855,7236,5155,1078,4710,6323,4634,1445,3756,5324,3843,1669,3255,4403,3166,1507,Upgrade
22,Net Income Growth,7.87%,13.05%,8.88%,37.29%,3.08%,14.44%,11.24%,-25.40%,25.40%,18.76%,20.58%,-13.42%,15.39%,20.92%,21.38%,10.75%,10.49%,37.51%,-13.85%,6.35%,Upgrade
23,Shares Outstanding (Basic),30598,30598,-,30598,-,30598,-,30598,-,30598,-,30598,-,30598,-,30598,-,30598,-,30598,Upgrade
24,Shares Outstanding (Diluted),30598,30598,-,30598,-,30598,-,30598,-,30598,-,30598,-,30598,-,30598,-,30598,-,30598,Upgrade
25,Shares Change (YoY),-,0.00%,-,-,-,-0.00%,-,-0.00%,-,0.00%,-,-,-,-,-,0.00%,-,-,-,-,Upgrade
26,EPS (Basic),0.17,0.27,-,0.05,-,0.24,-,0.04,-,0.21,-,0.05,-,0.17,-,0.05,-,0.14,-,0.05,Upgrade
27,EPS (Diluted),0.17,0.27,-,0.05,-,0.23,-,0.03,-,0.21,-,0.05,-,0.17,-,0.05,-,0.14,-,0.05,Upgrade
28,EPS Growth,-,15.13%,-,38.30%,-,12.04%,-,-25.94%,-,18.76%,-,-13.42%,-,20.92%,-,11.40%,-,44.05%,-,6.32%,Upgrade
29,Dividend Per Share,-,0.248,-,0.134,-,0.203,-,0.109,-,0.165,-,0.096,-,0.120,-,0.164,-,-,-,0.148,Upgrade
30,Dividend Growth,-,22.22%,-,22.57%,-,23.03%,-,13.54%,-,37.50%,-,-41.46%,-,-,-,10.81%,-,-,-,10.45%,Upgrade
31,Gross Margin,54.97%,55.91%,56.83%,63.13%,55.35%,53.53%,55.16%,62.19%,53.55%,54.95%,54.67%,57.95%,54.30%,53.01%,53.67%,57.31%,54.65%,54.27%,56.81%,60.66%,Upgrade
32,Operating Margin,4.88%,7.38%,5.46%,0.87%,4.80%,7.07%,4.56%,1.29%,2.68%,7.78%,4.38%,4.30%,1.55%,7.95%,3.74%,2.83%,4.17%,7.92%,4.54%,3.84%,Upgrade
33,Profit Margin,5.64%,8.36%,5.64%,1.63%,5.40%,7.65%,5.30%,1.19%,5.37%,7.25%,5.21%,1.73%,4.68%,6.50%,4.67%,2.13%,4.34%,5.75%,4.29%,2.05%,Upgrade
34,EBITDA,21523,26430,26611,17782,21756,26052,25730,18619,19710,25802,21262,20941,17770,25351,19606,18751,20161,24972,20391,19854,Upgrade
35,EBITDA Margin,23.20%,27.01%,26.75%,19.56%,24.21%,27.54%,26.47%,20.47%,22.47%,29.58%,23.88%,25.12%,22.13%,30.95%,23.83%,23.89%,26.90%,32.61%,27.62%,27.05%,Upgrade
36,D&A For EBITDA,16994,19209,21182,16994,17441,19362,21292,17441,17359,19012,17359,17359,16527,18838,16527,16527,17038,18906,17038,17038,Upgrade
37,EBIT,4529,7221,5429,788,4315,6690,4438,1178,2351,6790,3903,3582,1243,6513,3079,2224,3123,6066,3353,2816,Upgrade
38,EBIT Margin,4.88%,7.38%,5.46%,0.87%,4.80%,7.07%,4.56%,1.29%,2.68%,7.78%,4.38%,4.30%,1.55%,7.95%,3.74%,2.83%,4.17%,7.92%,4.54%,3.84%,Upgrade
39,Effective Tax Rate,20.88%,15.23%,22.23%,1.84%,19.40%,16.78%,20.59%,13.36%,19.69%,17.27%,19.06%,25.80%,17.67%,18.69%,18.07%,24.31%,18.94%,21.59%,22.47%,16.30%,Upgrade
40,Revenue as Reported,290123,-,99496,-,281693,-,97222,-,263978,-,89022,-,244489,-,82272,-,225355,-,73824,-,Upgrade
