,Fiscal Quarter,Q3 2024,Q2 2024,Q1 2024,Q4 2023,Q3 2023,Q2 2023,Q1 2023,Q4 2022,Q3 2022,Q2 2022,Q1 2022,Q4 2021,Q3 2021,Q2 2021,Q1 2021,Q4 2020,Q3 2020,Q2 2020,Q1 2020,Q4 2019,+20 Quarters
,Period Ending,"Sep '24 Sep 30, 2024","Jun '24 Jun 30, 2024","Mar '24 Mar 31, 2024","Dec '23 Dec 31, 2023","Sep '23 Sep 30, 2023","Jun '23 Jun 30, 2023","Mar '23 Mar 31, 2023","Dec '22 Dec 31, 2022","Sep '22 Sep 30, 2022","Jun '22 Jun 30, 2022","Mar '22 Mar 31, 2022","Dec '21 Dec 31, 2021","Sep '21 Sep 30, 2021","Jun '21 Jun 30, 2021","Mar '21 Mar 31, 2021","Dec '20 Dec 31, 2020","Sep '20 Sep 30, 2020","Jun '20 Jun 30, 2020","Mar '20 Mar 31, 2020","Dec '19 Dec 31, 2019",+20 Quarters
0,Interest Income on Loans,311121,312324,314690,310775,319838,316184,300569,302584,302672,286496,278821,273998,267387,260710,255239,255424,248548,244664,240873,252469,Upgrade
1,Interest Income on Investments,2429,2773,278,623,1521,3078,490,693,1933,3509,-,-5023,1366,3288,369,-2488,992,1359,137,-655,Upgrade
2,Total Interest Income,313550,315097,314968,311398,321359,319262,301059,303277,304605,290005,278821,268975,268753,263998,255608,252936,249540,246023,241010,251814,Upgrade
3,Interest Paid on Deposits,166363,165996,164959,161967,163598,157081,147487,142090,137166,128456,119192,116723,115327,111773,108091,106841,102730,104283,99746,94925,Upgrade
4,Net Interest Income,147187,149101,150009,149431,157761,162181,153572,161187,167439,161549,159629,152252,153426,152225,147517,146095,146810,141740,141264,156889,Upgrade
5,Net Interest Income Growth (YoY),-6.70%,-8.07%,-2.32%,-7.29%,-5.78%,0.39%,-3.79%,5.87%,9.13%,6.13%,8.21%,4.21%,4.51%,7.40%,4.43%,-6.88%,13.52%,12.81%,12.83%,30.87%,Upgrade
6,Income From Trading Activities,662,1925,2078,841,1078,1925,1841,44,1314,2274,-,-4289,1419,-1555,1555,-3125,-188,551,2762,-7230,Upgrade
7,Gain (Loss) on Sale of Investments,2910,3264,3170,1002,-776,-1596,2094,-2123,-2605,-4012,-,-12251,7871,987,3393,-7191,1826,3287,2078,-9901,Upgrade
8,Gain (Loss) on Sale of Equity Investments,-,-,-,-,-,-,-,-,-,212,-212,1603,-,-,-,895,-,-,-,249,Upgrade
9,Other Non-Interest Income,26757,25257,40027,37217,24408,24697,43441,34492,20317,24753,45684,114392,28916,33900,42885,83230,27582,27941,40301,54089,Upgrade
10,Total Non-Interest Income,30329,30446,45275,39060,24710,25026,47376,32413,19026,23227,45472,99455,38206,33332,47833,73809,29220,31779,45141,37207,Upgrade
11,Non-Interest Income Growth (YoY),22.74%,21.66%,-4.43%,20.51%,29.87%,7.75%,4.19%,-67.41%,-50.20%,-30.32%,-4.94%,34.75%,30.75%,4.89%,5.96%,98.37%,-22.74%,-20.39%,-15.81%,-37.93%,Upgrade
12,Revenues Before Loan Losses,177516,179547,195284,188491,182471,187207,200948,193600,186465,184776,205101,251707,191632,185557,195350,219904,176030,173519,186405,194096,Upgrade
13,Provision for Loan Losses,21929,39497,48157,12325,29035,43837,51577,13014,38227,51780,51514,25906,33723,56036,52284,32176,49937,62258,49120,53057,Upgrade
14,Revenue,155587,140050,147127,176166,153436,143370,149371,180586,148238,132996,153587,225801,157909,129521,143066,187728,126093,111261,137285,141039,Upgrade
15,Revenue Growth (YoY),1.40%,-2.32%,-1.50%,-2.45%,3.51%,7.80%,-2.75%,-20.02%,-6.12%,2.68%,7.35%,20.28%,25.23%,16.41%,4.21%,33.10%,-4.36%,-17.24%,1.46%,9.06%,Upgrade
16,Salaries and Employee Benefits,-,-,-,128018,-,-,-,125150,-,-,-,-,-,50616,-,-,-,-,-,-,Upgrade
17,Occupancy Expenses,-,-,-,32450,-,-,-,33558,-,-,-,-,-,16485,-,-,-,-,-,-,Upgrade
18,Amortization of Goodwill & Intangibles,-,-,-,3495,-,-,-,3140,-,-,-,-,-,1515,-,-,-,-,-,-,Upgrade
19,"Selling, General & Administrative",-,-,-,47708,-,-,-,49984,-,-41975,41975,209863,-,16006,-,179308,-,-,-,179531,Upgrade
20,Other Non-Interest Expense,50799,49596,44775,-137396,50394,50912,45029,-132953,47469,85978,8139,-71040,50345,-38898,42628,-79369,45189,41059,38934,-88008,Upgrade
21,Total Non-Interest Expense,50961,49345,44820,73982,50000,50811,44666,78460,47112,43603,50096,140185,49575,45378,42746,101005,44973,40858,38915,91688,Upgrade
22,EBT Excluding Unusual Items,104626,90705,102307,102184,103436,92559,104705,102126,101126,89393,103491,85616,108334,84143,100320,86723,81120,70403,98370,49351,Upgrade
23,Asset Writedown,-,-,-,-,-,-,-,-,-,-,-,-,-,-,-,-,-,-,-,-521,Upgrade
24,Other Unusual Items,-,-,-,-13502,-,-,-,-12432,-,-,-,-,-,-,-,-,-,-,-,-357,Upgrade
25,Pretax Income,104626,90705,102307,88677,103436,92559,104705,89689,101126,89393,103491,85615,108334,84143,100320,86723,81120,70403,98370,48473,Upgrade
26,Income Tax Expense,12553,12573,15400,11657,15291,14411,15558,12467,15719,14529,16121,14860,29267,13057,17300,20753,12450,12445,17389,6633,Upgrade
27,Earnings From Continuing Operations,92073,78132,86907,77020,88145,78148,89147,77222,85407,74864,87370,70755,79067,71086,83020,65970,68670,57958,80981,41840,Upgrade
28,Minority Interest in Earnings,-623,-623,-90,179,-35,453,-404,-244,443,-1478,1143,-395,-214,-901,95,-752,-464,-1187,-126,-451,Upgrade
29,Net Income,91450,77509,86817,77199,88110,78601,88743,76978,85850,73386,88513,70360,78853,70185,83115,65218,68206,56771,80855,41389,Upgrade
30,Preferred Dividends & Other Adjustments,-,-,-,5110,-,-,-,4538,-,-,-,4538,-,-,-,5624,-,-,-,3962,Upgrade
31,Net Income to Common,91450,77509,86817,72089,88110,78601,88743,72440,85850,73386,88513,65822,78853,70185,83115,59594,68206,56771,80855,37427,Upgrade
32,Net Income Growth,3.79%,-1.39%,-2.17%,0.29%,2.63%,7.11%,0.26%,9.41%,8.87%,4.56%,6.49%,7.88%,15.61%,23.63%,2.80%,57.57%,-4.14%,-26.53%,5.12%,2.08%,Upgrade
33,Basic Shares Outstanding,261286,250396,248049,248709,251743,246041,253551,249289,252500,245360,252894,251163,246416,248158,251864,247000,252615,247757,252672,248897,Upgrade
34,Diluted Shares Outstanding,261286,250396,248049,248709,251743,246041,253551,249289,252500,245360,252894,251163,246416,248158,251864,247000,252615,247757,252672,248897,Upgrade
35,Shares Change (YoY),3.79%,1.77%,-2.17%,-0.23%,-0.30%,0.28%,0.26%,-0.75%,2.47%,-1.13%,0.41%,1.69%,-2.45%,0.16%,-0.32%,-0.76%,-0.59%,-1.65%,1.84%,-1.68%,Upgrade
36,EPS (Basic),0.35,0.31,0.35,0.29,0.35,0.32,0.35,0.29,0.34,0.30,0.35,0.26,0.32,0.28,0.33,0.24,0.27,0.23,0.32,0.15,Upgrade
37,EPS (Diluted),0.35,0.31,0.35,0.29,0.35,0.32,0.35,0.29,0.34,0.30,0.35,0.26,0.32,0.28,0.33,0.24,0.27,0.23,0.32,0.15,Upgrade
38,EPS Growth,0%,-3.10%,0%,-0.05%,2.94%,6.81%,0%,11.40%,6.25%,6.96%,6.06%,8.61%,18.52%,22.03%,3.13%,59.33%,-3.57%,-25.30%,3.23%,6.03%,Upgrade
39,Dividend Per Share,0.197,-,-,0.400,-,-,-,0.389,-,-,-,0.364,-,-,-,0.326,-,-,-,0.320,Upgrade
40,Dividend Growth,-,-,-,2.83%,-,-,-,6.87%,-,-,-,11.66%,-,-,-,1.88%,-,-,-,4.58%,Upgrade
41,Effective Tax Rate,12.00%,13.86%,15.05%,13.15%,14.78%,15.57%,14.86%,13.90%,15.54%,16.25%,15.58%,17.36%,27.02%,15.52%,17.24%,23.93%,15.35%,17.68%,17.68%,13.68%,Upgrade
